<?xml version="1.0" encoding="UTF-8"?>
<!DOCTYPE html PUBLIC "-//W3C//DTD XHTML 1.0 Transitional//EN"
    "http://www.w3.org/TR/xhtml1/DTD/xhtml1-transitional.dtd">
<html xmlns="http://www.w3.org/1999/xhtml" xml:lang="en" lang="en">
 <head>
  <title>
</title>
<meta http-equiv="Content-Type" content="text/html;charset=utf-8" />
  <meta name='ocr-system' content='tesseract 3.04.00' />
  <meta name='ocr-capabilities' content='ocr_page ocr_carea ocr_par ocr_line ocrx_word'/>
</head>
<body>
  <div class='ocr_page' id='page_1' title='image "./jasharfragmentaa00dona_0315.png"; bbox 0 0 1867 3301; ppageno 0'>
   <div class='ocr_carea' id='block_1_1' title="bbox 713 220 1047 291">
    <p class='ocr_par' dir='ltr' id='par_1_1' title="bbox 713 220 1047 291">
     <span class='ocr_line' id='line_1_1' title="bbox 713 220 1047 291; baseline -0.03 0"><span class='ocrx_word' id='word_1_1' title='bbox 713 220 990 291; x_wconf 20' lang='lat' dir='ltr'>&amp;2421AE</span> <span class='ocrx_word' id='word_1_2' title='bbox 1040 276 1047 281; x_wconf 78' lang='grc'><strong>,</strong></span> 
     </span>
    </p>
   </div>
   <div class='ocr_carea' id='block_1_2' title="bbox 566 454 1139 514">
    <p class='ocr_par' dir='ltr' id='par_1_2' title="bbox 566 454 1139 514">
     <span class='ocr_line' id='line_1_2' title="bbox 566 454 1139 514; baseline -0.003 -1"><span class='ocrx_word' id='word_1_3' title='bbox 566 454 1139 514; x_wconf 84' lang='lat' dir='ltr'><strong>COMMENTARIUS.</strong></span> 
     </span>
    </p>
   </div>
   <div class='ocr_carea' id='block_1_3' title="bbox 101 691 1605 2929">
    <p class='ocr_par' dir='ltr' id='par_1_3' title="bbox 101 691 1605 2929">
     <span class='ocr_line' id='line_1_3' title="bbox 223 691 1600 752; baseline -0.003 -16"><span class='ocrx_word' id='word_1_4' title='bbox 223 694 310 737; x_wconf 89' lang='lat' dir='ltr'>Huc</span> <span class='ocrx_word' id='word_1_5' title='bbox 342 709 468 752; x_wconf 88' lang='lat' dir='ltr'>usque</span> <span class='ocrx_word' id='word_1_6' title='bbox 509 696 547 735; x_wconf 91' lang='lat' dir='ltr'>in</span> <span class='ocrx_word' id='word_1_7' title='bbox 582 694 809 735; x_wconf 81' lang='lat' dir='ltr'>collectione</span> <span class='ocrx_word' id='word_1_8' title='bbox 841 693 1059 734; x_wconf 88' lang='lat' dir='ltr'>Jasharana</span> <span class='ocrx_word' id='word_1_9' title='bbox 1091 691 1333 734; x_wconf 87' lang='lat' dir='ltr'>restituenda</span> <span class='ocrx_word' id='word_1_10' title='bbox 1364 706 1600 749; x_wconf 80' lang='lat' dir='ltr'>progressus</span> 
     </span>
     <span class='ocr_line' id='line_1_4' title="bbox 106 776 1600 834; baseline -0.003 -14"><span class='ocrx_word' id='word_1_11' title='bbox 106 795 192 821; x_wconf 88' lang='lat' dir='ltr'>sum</span> <span class='ocrx_word' id='word_1_12' title='bbox 223 780 456 820; x_wconf 79' lang='lat' dir='ltr'>testimoniis</span> <span class='ocrx_word' id='word_1_13' title='bbox 490 793 539 819; x_wconf 84' lang='lat' dir='ltr'>ex</span> <span class='ocrx_word' id='word_1_14' title='bbox 570 780 626 819; x_wconf 88' lang='lat' dir='ltr'>rei</span> <span class='ocrx_word' id='word_1_15' title='bbox 658 779 784 834; x_wconf 90' lang='lat' dir='ltr'>ipsius</span> <span class='ocrx_word' id='word_1_16' title='bbox 816 785 957 818; x_wconf 87' lang='lat' dir='ltr'>natura</span> <span class='ocrx_word' id='word_1_17' title='bbox 989 778 1124 833; x_wconf 89' lang='lat' dir='ltr'>potius</span> <span class='ocrx_word' id='word_1_18' title='bbox 1148 790 1265 832; x_wconf 88' lang='lat' dir='ltr'>quam</span> <span class='ocrx_word' id='word_1_19' title='bbox 1292 776 1447 816; x_wconf 78' lang='lat' dir='ltr'>aliunde</span> <span class='ocrx_word' id='word_1_20' title='bbox 1469 777 1600 832; x_wconf 82' lang='lat' dir='ltr'>petitis</span> 
     </span>
     <span class='ocr_line' id='line_1_5' title="bbox 105 858 1603 918; baseline -0.003 -14"><span class='ocrx_word' id='word_1_21' title='bbox 105 864 270 906; x_wconf 86' lang='lat' dir='ltr'>innisus.</span> <span class='ocrx_word' id='word_1_22' title='bbox 319 861 418 904; x_wconf 90' lang='lat' dir='ltr'>Nam</span> <span class='ocrx_word' id='word_1_23' title='bbox 451 861 524 903; x_wconf 89' lang='lat' dir='ltr'>hac</span> <span class='ocrx_word' id='word_1_24' title='bbox 556 863 894 918; x_wconf 76' lang='lat' dir='ltr'>argumentatione</span> <span class='ocrx_word' id='word_1_25' title='bbox 925 875 1023 901; x_wconf 92' lang='lat' dir='ltr'>usus</span> <span class='ocrx_word' id='word_1_26' title='bbox 1057 875 1157 900; x_wconf 89' lang='lat' dir='ltr'>sum.</span> <span class='ocrx_word' id='word_1_27' title='bbox 1206 859 1300 901; x_wconf 84' lang='lat' dir='ltr'>Fuit</span> <span class='ocrx_word' id='word_1_28' title='bbox 1322 859 1479 915; x_wconf 87' lang='lat' dir='ltr'>quidam</span> <span class='ocrx_word' id='word_1_29' title='bbox 1505 858 1603 899; x_wconf 83' lang='lat' dir='ltr'>liber</span> 
     </span>
     <span class='ocr_line' id='line_1_6' title="bbox 106 942 1601 1014; baseline -0.003 -26"><span class='ocrx_word' id='word_1_30' title='bbox 106 961 175 988; x_wconf 91' lang='lat' dir='ltr'>seu</span> <span class='ocrx_word' id='word_1_31' title='bbox 207 955 432 1002; x_wconf 88' lang='lat' dir='ltr'>poematum</span> <span class='ocrx_word' id='word_1_32' title='bbox 465 945 693 995; x_wconf 84' lang='lat' dir='ltr'>fasciculus,</span> <span class='ocrx_word' id='word_1_33' title='bbox 734 946 801 1001; x_wconf 89' lang='lat' dir='ltr'>qui</span> <span class='ocrx_word' id='word_1_34' title='bbox 834 947 967 1012; x_wconf 49' lang='grc' dir='ltr'>Ἶῖξῒῖζῒ</span> <span class='ocrx_word' id='word_1_35' title='bbox 1003 947 1105 1014; x_wconf 51' lang='grc' dir='ltr'>ἾΞΞΞ)</span> <span class='ocrx_word' id='word_1_36' title='bbox 1146 942 1436 1000; x_wconf 74' lang='lat' dir='ltr'>appellabatur,</span> <span class='ocrx_word' id='word_1_37' title='bbox 1487 958 1601 999; x_wconf 83' lang='lat' dir='ltr'>quem</span> 
     </span>
     <span class='ocr_line' id='line_1_7' title="bbox 107 1028 1601 1085; baseline -0.003 -14"><span class='ocrx_word' id='word_1_38' title='bbox 107 1029 254 1071; x_wconf 89' lang='lat' dir='ltr'>scribae</span> <span class='ocrx_word' id='word_1_39' title='bbox 276 1030 528 1071; x_wconf 78' lang='lat' dir='ltr'>Masorethici</span> <span class='ocrx_word' id='word_1_40' title='bbox 559 1028 620 1070; x_wconf 88' lang='lat' dir='ltr'>bis</span> <span class='ocrx_word' id='word_1_41' title='bbox 653 1031 872 1071; x_wconf 86' lang='lat' dir='ltr'>citaverunt</span> <span class='ocrx_word' id='word_1_42' title='bbox 901 1035 1017 1085; x_wconf 88' lang='lat' dir='ltr'>atque</span> <span class='ocrx_word' id='word_1_43' title='bbox 1044 1042 1117 1068; x_wconf 91' lang='lat' dir='ltr'>suo</span> <span class='ocrx_word' id='word_1_44' title='bbox 1142 1029 1252 1083; x_wconf 88' lang='lat' dir='ltr'>operi</span> <span class='ocrx_word' id='word_1_45' title='bbox 1273 1029 1601 1069; x_wconf 78' lang='lat' dir='ltr'>intertexuerunt.</span> 
     </span>
     <span class='ocr_line' id='line_1_8' title="bbox 108 1110 1602 1180; baseline -0.003 -25"><span class='ocrx_word' id='word_1_46' title='bbox 108 1112 187 1156; x_wconf 85' lang='lat' dir='ltr'>Sed</span> <span class='ocrx_word' id='word_1_47' title='bbox 220 1113 454 1155; x_wconf 91' lang='lat' dir='ltr'>vocabulum</span> <span class='ocrx_word' id='word_1_48' title='bbox 487 1117 587 1180; x_wconf 50' lang='grc' dir='ltr'>Ἶῖξῖᾎ</span> <span class='ocrx_word' id='word_1_49' title='bbox 624 1112 804 1170; x_wconf 84' lang='lat' dir='ltr'>designat</span> <span class='ocrx_word' id='word_1_50' title='bbox 841 1112 945 1153; x_wconf 83' lang='lat' dir='ltr'>illam</span> <span class='ocrx_word' id='word_1_51' title='bbox 981 1110 1217 1168; x_wconf 82' lang='lat' dir='ltr'>probitatem</span> <span class='ocrx_word' id='word_1_52' title='bbox 1250 1126 1270 1151; x_wconf 86' lang='lat' dir='ltr'>a</span> <span class='ocrx_word' id='word_1_53' title='bbox 1304 1126 1382 1168; x_wconf 88' lang='lat' dir='ltr'>qua</span> <span class='ocrx_word' id='word_1_54' title='bbox 1413 1112 1602 1167; x_wconf 83' lang='lat' dir='ltr'>primaevi</span> 
     </span>
     <span class='ocr_line' id='line_1_9' title="bbox 106 1194 1602 1253; baseline -0.003 -15"><span class='ocrx_word' id='word_1_55' title='bbox 106 1197 283 1238; x_wconf 88' lang='lat' dir='ltr'>homines</span> <span class='ocrx_word' id='word_1_56' title='bbox 317 1197 622 1246; x_wconf 85' lang='lat' dir='ltr'>declinaverant,</span> <span class='ocrx_word' id='word_1_57' title='bbox 657 1196 706 1237; x_wconf 88' lang='lat' dir='ltr'>ad</span> <span class='ocrx_word' id='word_1_58' title='bbox 739 1211 854 1253; x_wconf 92' lang='lat' dir='ltr'>quam</span> <span class='ocrx_word' id='word_1_59' title='bbox 889 1195 1195 1237; x_wconf 88' lang='lat' dir='ltr'>conservandam</span> <span class='ocrx_word' id='word_1_60' title='bbox 1229 1210 1273 1235; x_wconf 90' lang='lat' dir='ltr'>ac</span> <span class='ocrx_word' id='word_1_61' title='bbox 1303 1194 1602 1252; x_wconf 82' lang='lat' dir='ltr'>propagandam</span> 
     </span>
     <span class='ocr_line' id='line_1_10' title="bbox 106 1277 1602 1337; baseline -0.003 -15"><span class='ocrx_word' id='word_1_62' title='bbox 106 1283 213 1322; x_wconf 90' lang='lat' dir='ltr'>natio</span> <span class='ocrx_word' id='word_1_63' title='bbox 235 1281 497 1323; x_wconf 89' lang='lat' dir='ltr'>Israelitarum</span> <span class='ocrx_word' id='word_1_64' title='bbox 529 1281 705 1337; x_wconf 88' lang='lat' dir='ltr'>sejuncta</span> <span class='ocrx_word' id='word_1_65' title='bbox 738 1288 797 1321; x_wconf 89' lang='lat' dir='ltr'>est</span> <span class='ocrx_word' id='word_1_66' title='bbox 829 1288 945 1336; x_wconf 90' lang='lat' dir='ltr'>atque</span> <span class='ocrx_word' id='word_1_67' title='bbox 979 1295 1000 1320; x_wconf 90' lang='lat' dir='ltr'>a</span> <span class='ocrx_word' id='word_1_68' title='bbox 1021 1279 1105 1320; x_wconf 87' lang='lat' dir='ltr'>Deo</span> <span class='ocrx_word' id='word_1_69' title='bbox 1138 1281 1226 1336; x_wconf 91' lang='lat' dir='ltr'>ipso</span> <span class='ocrx_word' id='word_1_70' title='bbox 1257 1278 1422 1320; x_wconf 87' lang='lat' dir='ltr'>erudita.</span> <span class='ocrx_word' id='word_1_71' title='bbox 1472 1277 1602 1331; x_wconf 79' lang='lat' dir='ltr'>Quum</span> 
     </span>
     <span class='ocr_line' id='line_1_11' title="bbox 106 1360 1603 1422; baseline -0.003 -16"><span class='ocrx_word' id='word_1_72' title='bbox 106 1366 228 1422; x_wconf 80' lang='lat' dir='ltr'>igitur</span> <span class='ocrx_word' id='word_1_73' title='bbox 258 1365 379 1406; x_wconf 89' lang='lat' dir='ltr'>multa</span> <span class='ocrx_word' id='word_1_74' title='bbox 413 1373 568 1406; x_wconf 81' lang='lat' dir='ltr'>exstent</span> <span class='ocrx_word' id='word_1_75' title='bbox 598 1372 779 1421; x_wconf 85' lang='lat' dir='ltr'>poemata</span> <span class='ocrx_word' id='word_1_76' title='bbox 801 1363 862 1404; x_wconf 85' lang='lat' dir='ltr'>vel</span> <span class='ocrx_word' id='word_1_77' title='bbox 894 1371 1119 1420; x_wconf 87' lang='lat' dir='ltr'>poematum</span> <span class='ocrx_word' id='word_1_78' title='bbox 1152 1362 1386 1419; x_wconf 82' lang='lat' dir='ltr'>fragmenta,</span> <span class='ocrx_word' id='word_1_79' title='bbox 1422 1376 1521 1418; x_wconf 89' lang='lat' dir='ltr'>quae</span> <span class='ocrx_word' id='word_1_80' title='bbox 1554 1360 1603 1403; x_wconf 90' lang='lat' dir='ltr'>ad</span> 
     </span>
     <span class='ocr_line' id='line_1_12' title="bbox 106 1445 1602 1505; baseline -0.001 -17"><span class='ocrx_word' id='word_1_81' title='bbox 106 1447 184 1489; x_wconf 93' lang='lat' dir='ltr'>hoc</span> <span class='ocrx_word' id='word_1_82' title='bbox 216 1457 487 1505; x_wconf 81' lang='lat' dir='ltr'>argumentum</span> <span class='ocrx_word' id='word_1_83' title='bbox 525 1447 730 1489; x_wconf 86' lang='lat' dir='ltr'>manifesto</span> <span class='ocrx_word' id='word_1_84' title='bbox 763 1449 978 1504; x_wconf 83' lang='lat' dir='ltr'>pertinent,</span> <span class='ocrx_word' id='word_1_85' title='bbox 1020 1454 1324 1488; x_wconf 90' lang='lat' dir='ltr'>consentaneum</span> <span class='ocrx_word' id='word_1_86' title='bbox 1357 1454 1416 1487; x_wconf 85' lang='lat' dir='ltr'>est</span> <span class='ocrx_word' id='word_1_87' title='bbox 1448 1445 1602 1487; x_wconf 86' lang='lat' dir='ltr'>credere</span> 
     </span>
     <span class='ocr_line' id='line_1_13' title="bbox 108 1530 1604 1587; baseline -0.001 -15"><span class='ocrx_word' id='word_1_88' title='bbox 108 1531 202 1573; x_wconf 88' lang='lat' dir='ltr'>haec</span> <span class='ocrx_word' id='word_1_89' title='bbox 243 1534 372 1573; x_wconf 88' lang='lat' dir='ltr'>omnia</span> <span class='ocrx_word' id='word_1_90' title='bbox 410 1533 500 1574; x_wconf 88' lang='lat' dir='ltr'>olim</span> <span class='ocrx_word' id='word_1_91' title='bbox 533 1548 583 1575; x_wconf 82' lang='lat' dir='ltr'>ex</span> <span class='ocrx_word' id='word_1_92' title='bbox 613 1532 678 1573; x_wconf 90' lang='lat' dir='ltr'>illa</span> <span class='ocrx_word' id='word_1_93' title='bbox 710 1531 935 1573; x_wconf 84' lang='lat' dir='ltr'>collectione</span> <span class='ocrx_word' id='word_1_94' title='bbox 969 1530 1142 1572; x_wconf 91' lang='lat' dir='ltr'>abscissa</span> <span class='ocrx_word' id='word_1_95' title='bbox 1175 1546 1276 1581; x_wconf 86' lang='lat' dir='ltr'>csse,</span> <span class='ocrx_word' id='word_1_96' title='bbox 1320 1538 1523 1587; x_wconf 79' lang='lat' dir='ltr'>excerpta,</span> <span class='ocrx_word' id='word_1_97' title='bbox 1566 1538 1604 1572; x_wconf 87' lang='lat' dir='ltr'>et</span> 
     </span>
     <span class='ocr_line' id='line_1_14' title="bbox 109 1613 1602 1672; baseline -0.001 -16"><span class='ocrx_word' id='word_1_98' title='bbox 109 1613 326 1672; x_wconf 85' lang='lat' dir='ltr'>desumpta.</span> <span class='ocrx_word' id='word_1_99' title='bbox 377 1616 420 1657; x_wconf 90' lang='lat' dir='ltr'>In</span> <span class='ocrx_word' id='word_1_100' title='bbox 450 1618 678 1658; x_wconf 87' lang='lat' dir='ltr'>universum</span> <span class='ocrx_word' id='word_1_101' title='bbox 711 1630 753 1657; x_wconf 90' lang='lat' dir='ltr'>ea</span> <span class='ocrx_word' id='word_1_102' title='bbox 786 1623 845 1656; x_wconf 88' lang='lat' dir='ltr'>est</span> <span class='ocrx_word' id='word_1_103' title='bbox 877 1617 1163 1672; x_wconf 83' lang='lat' dir='ltr'>argumentatio</span> <span class='ocrx_word' id='word_1_104' title='bbox 1196 1629 1299 1664; x_wconf 87' lang='lat' dir='ltr'>mea,</span> <span class='ocrx_word' id='word_1_105' title='bbox 1335 1629 1452 1671; x_wconf 87' lang='lat' dir='ltr'>quam</span> <span class='ocrx_word' id='word_1_106' title='bbox 1484 1615 1602 1655; x_wconf 81' lang='lat' dir='ltr'>variis</span> 
     </span>
     <span class='ocr_line' id='line_1_15' title="bbox 107 1698 1605 1755; baseline -0.001 -15"><span class='ocrx_word' id='word_1_107' title='bbox 107 1698 316 1741; x_wconf 87' lang='lat' dir='ltr'>identidem</span> <span class='ocrx_word' id='word_1_108' title='bbox 349 1698 652 1741; x_wconf 89' lang='lat' dir='ltr'>deductionibus</span> <span class='ocrx_word' id='word_1_109' title='bbox 685 1701 738 1740; x_wconf 89' lang='lat' dir='ltr'>ita</span> <span class='ocrx_word' id='word_1_110' title='bbox 770 1700 1007 1748; x_wconf 87' lang='lat' dir='ltr'>sustentavi,</span> <span class='ocrx_word' id='word_1_111' title='bbox 1047 1700 1116 1740; x_wconf 71' lang='lat' dir='ltr'>vix</span> <span class='ocrx_word' id='word_1_112' title='bbox 1147 1707 1192 1740; x_wconf 89' lang='lat' dir='ltr'>ut</span> <span class='ocrx_word' id='word_1_113' title='bbox 1222 1698 1326 1740; x_wconf 91' lang='lat' dir='ltr'>ullus</span> <span class='ocrx_word' id='word_1_114' title='bbox 1358 1699 1605 1755; x_wconf 86' lang='lat' dir='ltr'>relinquatur</span> 
     </span>
     <span class='ocr_line' id='line_1_16' title="bbox 108 1781 1605 1840; baseline 0 -17"><span class='ocrx_word' id='word_1_115' title='bbox 108 1781 345 1824; x_wconf 83' lang='lat' dir='ltr'>dubitationi</span> <span class='ocrx_word' id='word_1_116' title='bbox 384 1783 516 1833; x_wconf 91' lang='lat' dir='ltr'>locus,</span> <span class='ocrx_word' id='word_1_117' title='bbox 558 1785 685 1840; x_wconf 86' lang='lat' dir='ltr'>sitque</span> <span class='ocrx_word' id='word_1_118' title='bbox 718 1783 1039 1824; x_wconf 84' lang='lat' dir='ltr'>verisimillimum</span> <span class='ocrx_word' id='word_1_119' title='bbox 1078 1797 1159 1823; x_wconf 89' lang='lat' dir='ltr'>rem</span> <span class='ocrx_word' id='word_1_120' title='bbox 1197 1784 1250 1823; x_wconf 90' lang='lat' dir='ltr'>ita</span> <span class='ocrx_word' id='word_1_121' title='bbox 1283 1797 1322 1824; x_wconf 89' lang='lat' dir='ltr'>se</span> <span class='ocrx_word' id='word_1_122' title='bbox 1354 1781 1516 1831; x_wconf 91' lang='lat' dir='ltr'>habere,</span> <span class='ocrx_word' id='word_1_123' title='bbox 1558 1790 1605 1823; x_wconf 87' lang='lat' dir='ltr'>ut</span> 
     </span>
     <span class='ocr_line' id='line_1_17' title="bbox 101 1865 1602 1923; baseline 0 -17"><span class='ocrx_word' id='word_1_124' title='bbox 101 1865 290 1921; x_wconf 73' lang='lat' dir='ltr'>judicavi,</span> <span class='ocrx_word' id='word_1_125' title='bbox 338 1866 424 1907; x_wconf 84' lang='lat' dir='ltr'>Jam</span> <span class='ocrx_word' id='word_1_126' title='bbox 449 1881 543 1908; x_wconf 84' lang='lat' dir='ltr'>vero</span> <span class='ocrx_word' id='word_1_127' title='bbox 576 1869 616 1907; x_wconf 93' lang='lat' dir='ltr'>in</span> <span class='ocrx_word' id='word_1_128' title='bbox 649 1866 803 1908; x_wconf 90' lang='lat' dir='ltr'>duabus</span> <span class='ocrx_word' id='word_1_129' title='bbox 835 1867 996 1922; x_wconf 89' lang='lat' dir='ltr'>reliquis</span> <span class='ocrx_word' id='word_1_130' title='bbox 1032 1868 1161 1923; x_wconf 88' lang='lat' dir='ltr'>operis</span> <span class='ocrx_word' id='word_1_131' title='bbox 1184 1865 1391 1907; x_wconf 85' lang='lat' dir='ltr'>Jasharani</span> <span class='ocrx_word' id='word_1_132' title='bbox 1422 1865 1602 1922; x_wconf 86' lang='lat' dir='ltr'>partibus</span> 
     </span>
     <span class='ocr_line' id='line_1_18' title="bbox 108 1949 1604 2006; baseline 0.001 -17"><span class='ocrx_word' id='word_1_133' title='bbox 108 1950 148 1989; x_wconf 91' lang='lat' dir='ltr'>in</span> <span class='ocrx_word' id='word_1_134' title='bbox 181 1949 406 1990; x_wconf 88' lang='lat' dir='ltr'>solidiorem</span> <span class='ocrx_word' id='word_1_135' title='bbox 437 1951 680 2006; x_wconf 89' lang='lat' dir='ltr'>provinciam</span> <span class='ocrx_word' id='word_1_136' title='bbox 714 1950 1008 2000; x_wconf 76' lang='lat' dir='ltr'>descendimu53</span> <span class='ocrx_word' id='word_1_137' title='bbox 1041 1952 1148 2006; x_wconf 84' lang='lat' dir='ltr'>ipsae</span> <span class='ocrx_word' id='word_1_138' title='bbox 1172 1952 1375 1991; x_wconf 87' lang='lat' dir='ltr'>citationes</span> <span class='ocrx_word' id='word_1_139' title='bbox 1398 1958 1486 1991; x_wconf 92' lang='lat' dir='ltr'>ante</span> <span class='ocrx_word' id='word_1_140' title='bbox 1509 1964 1604 1991; x_wconf 90' lang='lat' dir='ltr'>ocu-</span> 
     </span>
     <span class='ocr_line' id='line_1_19' title="bbox 108 2031 1602 2091; baseline 0.001 -18"><span class='ocrx_word' id='word_1_141' title='bbox 108 2031 168 2073; x_wconf 89' lang='lat' dir='ltr'>los</span> <span class='ocrx_word' id='word_1_142' title='bbox 201 2047 240 2073; x_wconf 88' lang='lat' dir='ltr'>se</span> <span class='ocrx_word' id='word_1_143' title='bbox 273 2032 453 2084; x_wconf 81' lang='lat' dir='ltr'>tradunt3</span> <span class='ocrx_word' id='word_1_144' title='bbox 488 2041 526 2075; x_wconf 85' lang='lat' dir='ltr'>et</span> <span class='ocrx_word' id='word_1_145' title='bbox 555 2042 693 2075; x_wconf 89' lang='lat' dir='ltr'>testem</span> <span class='ocrx_word' id='word_1_146' title='bbox 727 2034 925 2075; x_wconf 85' lang='lat' dir='ltr'>oculatum</span> <span class='ocrx_word' id='word_1_147' title='bbox 947 2032 1150 2084; x_wconf 85' lang='lat' dir='ltr'>habemus,</span> <span class='ocrx_word' id='word_1_148' title='bbox 1186 2036 1254 2091; x_wconf 91' lang='lat' dir='ltr'>qui</span> <span class='ocrx_word' id='word_1_149' title='bbox 1275 2034 1346 2074; x_wconf 88' lang='lat' dir='ltr'>has</span> <span class='ocrx_word' id='word_1_150' title='bbox 1369 2036 1602 2090; x_wconf 86' lang='lat' dir='ltr'>scriptiones</span> 
     </span>
     <span class='ocr_line' id='line_1_20' title="bbox 109 2115 1602 2174; baseline 0.001 -17"><span class='ocrx_word' id='word_1_151' title='bbox 109 2130 149 2157; x_wconf 87' lang='lat' dir='ltr'>se</span> <span class='ocrx_word' id='word_1_152' title='bbox 179 2131 227 2157; x_wconf 79' lang='lat' dir='ltr'>ex</span> <span class='ocrx_word' id='word_1_153' title='bbox 250 2115 351 2158; x_wconf 92' lang='lat' dir='ltr'>libro</span> <span class='ocrx_word' id='word_1_154' title='bbox 373 2116 592 2158; x_wconf 83' lang='lat' dir='ltr'>Jasharano</span> <span class='ocrx_word' id='word_1_155' title='bbox 617 2117 879 2174; x_wconf 85' lang='lat' dir='ltr'>desumpsisse</span> <span class='ocrx_word' id='word_1_156' title='bbox 901 2117 1146 2174; x_wconf 88' lang='lat' dir='ltr'>profiteatur.</span> <span class='ocrx_word' id='word_1_157' title='bbox 1194 2117 1350 2174; x_wconf 91' lang='lat' dir='ltr'>Itaque,</span> <span class='ocrx_word' id='word_1_158' title='bbox 1384 2118 1460 2159; x_wconf 90' lang='lat' dir='ltr'>hoc</span> <span class='ocrx_word' id='word_1_159' title='bbox 1482 2117 1602 2159; x_wconf 91' lang='lat' dir='ltr'>modo</span> 
     </span>
     <span class='ocr_line' id='line_1_21' title="bbox 107 2199 1602 2258; baseline 0.002 -18"><span class='ocrx_word' id='word_1_160' title='bbox 107 2201 333 2241; x_wconf 86' lang='lat' dir='ltr'>ratiocinor.</span> <span class='ocrx_word' id='word_1_161' title='bbox 383 2199 513 2253; x_wconf 83' lang='lat' dir='ltr'>Quum</span> <span class='ocrx_word' id='word_1_162' title='bbox 545 2209 623 2242; x_wconf 89' lang='lat' dir='ltr'>tres</span> <span class='ocrx_word' id='word_1_163' title='bbox 657 2209 786 2242; x_wconf 87' lang='lat' dir='ltr'>essent</span> <span class='ocrx_word' id='word_1_164' title='bbox 816 2200 1014 2242; x_wconf 87' lang='lat' dir='ltr'>mirandae</span> <span class='ocrx_word' id='word_1_165' title='bbox 1035 2201 1175 2258; x_wconf 91' lang='lat' dir='ltr'>populi</span> <span class='ocrx_word' id='word_1_166' title='bbox 1195 2201 1394 2243; x_wconf 86' lang='lat' dir='ltr'>Israelitici</span> <span class='ocrx_word' id='word_1_167' title='bbox 1417 2204 1602 2244; x_wconf 87' lang='lat' dir='ltr'>victoriae</span> 
     </span>
     <span class='ocr_line' id='line_1_22' title="bbox 108 2282 1602 2343; baseline 0.002 -19"><span class='ocrx_word' id='word_1_168' title='bbox 108 2283 168 2324; x_wconf 86' lang='lat' dir='ltr'>vel</span> <span class='ocrx_word' id='word_1_169' title='bbox 200 2282 463 2334; x_wconf 86' lang='lat' dir='ltr'>liberationes,</span> <span class='ocrx_word' id='word_1_170' title='bbox 499 2298 664 2341; x_wconf 88' lang='lat' dir='ltr'>quarum</span> <span class='ocrx_word' id='word_1_171' title='bbox 698 2284 796 2326; x_wconf 91' lang='lat' dir='ltr'>duae</span> <span class='ocrx_word' id='word_1_172' title='bbox 818 2284 945 2327; x_wconf 86' lang='lat' dir='ltr'>Mosis</span> <span class='ocrx_word' id='word_1_173' title='bbox 978 2293 1015 2326; x_wconf 90' lang='lat' dir='ltr'>et</span> <span class='ocrx_word' id='word_1_174' title='bbox 1035 2284 1216 2327; x_wconf 85' lang='lat' dir='ltr'>Deborae</span> <span class='ocrx_word' id='word_1_175' title='bbox 1249 2286 1412 2343; x_wconf 81' lang='lat' dir='ltr'>singulis</span> <span class='ocrx_word' id='word_1_176' title='bbox 1444 2288 1602 2328; x_wconf 87' lang='lat' dir='ltr'>canticis</span> 
     </span>
     <span class='ocr_line' id='line_1_23' title="bbox 108 2366 1604 2426; baseline 0.002 -18"><span class='ocrx_word' id='word_1_177' title='bbox 108 2366 362 2418; x_wconf 90' lang='lat' dir='ltr'>celebrentur,</span> <span class='ocrx_word' id='word_1_178' title='bbox 397 2382 496 2425; x_wconf 90' lang='lat' dir='ltr'>quae</span> <span class='ocrx_word' id='word_1_179' title='bbox 529 2368 578 2410; x_wconf 89' lang='lat' dir='ltr'>ad</span> <span class='ocrx_word' id='word_1_180' title='bbox 609 2383 682 2410; x_wconf 91' lang='lat' dir='ltr'>nos</span> <span class='ocrx_word' id='word_1_181' title='bbox 704 2370 856 2426; x_wconf 82' lang='lat' dir='ltr'>integra</span> <span class='ocrx_word' id='word_1_182' title='bbox 877 2370 1145 2426; x_wconf 87' lang='lat' dir='ltr'>pervenerint,</span> <span class='ocrx_word' id='word_1_183' title='bbox 1180 2384 1274 2411; x_wconf 89' lang='lat' dir='ltr'>num</span> <span class='ocrx_word' id='word_1_184' title='bbox 1297 2369 1479 2411; x_wconf 88' lang='lat' dir='ltr'>credibile</span> <span class='ocrx_word' id='word_1_185' title='bbox 1502 2369 1604 2411; x_wconf 86' lang='lat' dir='ltr'>foret</span> 
     </span>
     <span class='ocr_line' id='line_1_24' title="bbox 106 2451 1600 2503; baseline 0.001 -11"><span class='ocrx_word' id='word_1_186' title='bbox 106 2453 279 2502; x_wconf 89' lang='lat' dir='ltr'>tertiam,</span> <span class='ocrx_word' id='word_1_187' title='bbox 320 2451 466 2494; x_wconf 88' lang='lat' dir='ltr'>Josuae</span> <span class='ocrx_word' id='word_1_188' title='bbox 499 2451 608 2503; x_wconf 87' lang='lat' dir='ltr'>dico,</span> <span class='ocrx_word' id='word_1_189' title='bbox 641 2452 861 2494; x_wconf 81' lang='lat' dir='ltr'>Jasharano</span> <span class='ocrx_word' id='word_1_190' title='bbox 896 2451 1059 2495; x_wconf 91' lang='lat' dir='ltr'>Cantico</span> <span class='ocrx_word' id='word_1_191' title='bbox 1094 2461 1434 2495; x_wconf 87' lang='lat' dir='ltr'>commemoratam</span> <span class='ocrx_word' id='word_1_192' title='bbox 1467 2452 1600 2503; x_wconf 82' lang='lat' dir='ltr'>fuisse,</span> 
     </span>
     <span class='ocr_line' id='line_1_25' title="bbox 109 2534 1602 2593; baseline 0.001 -17"><span class='ocrx_word' id='word_1_193' title='bbox 109 2535 219 2591; x_wconf 87' lang='lat' dir='ltr'>cujus</span> <span class='ocrx_word' id='word_1_194' title='bbox 242 2534 500 2593; x_wconf 83' lang='lat' dir='ltr'>fragmentum</span> <span class='ocrx_word' id='word_1_195' title='bbox 523 2538 562 2578; x_wconf 92' lang='lat' dir='ltr'>in</span> <span class='ocrx_word' id='word_1_196' title='bbox 586 2538 768 2578; x_wconf 87' lang='lat' dir='ltr'>citatione</span> <span class='ocrx_word' id='word_1_197' title='bbox 785 2536 1051 2579; x_wconf 86' lang='lat' dir='ltr'>Masorethica</span> <span class='ocrx_word' id='word_1_198' title='bbox 1073 2545 1341 2587; x_wconf 87' lang='lat' dir='ltr'>conservetur,</span> <span class='ocrx_word' id='word_1_199' title='bbox 1366 2537 1450 2578; x_wconf 89' lang='lat' dir='ltr'>illas</span> <span class='ocrx_word' id='word_1_200' title='bbox 1473 2545 1602 2578; x_wconf 80' lang='lat' dir='ltr'>autem</span> 
     </span>
     <span class='ocr_line' id='line_1_26' title="bbox 109 2620 1604 2678; baseline 0.002 -19"><span class='ocrx_word' id='word_1_201' title='bbox 109 2620 278 2660; x_wconf 89' lang='lat' dir='ltr'>caruisse</span> <span class='ocrx_word' id='word_1_202' title='bbox 300 2628 387 2661; x_wconf 86' lang='lat' dir='ltr'>vate</span> <span class='ocrx_word' id='word_1_203' title='bbox 420 2635 544 2671; x_wconf 86' lang='lat' dir='ltr'>sacro,</span> <span class='ocrx_word' id='word_1_204' title='bbox 578 2620 640 2662; x_wconf 90' lang='lat' dir='ltr'>vel</span> <span class='ocrx_word' id='word_1_205' title='bbox 670 2623 806 2678; x_wconf 90' lang='lat' dir='ltr'>potius</span> <span class='ocrx_word' id='word_1_206' title='bbox 839 2635 961 2677; x_wconf 90' lang='lat' dir='ltr'>quum</span> <span class='ocrx_word' id='word_1_207' title='bbox 983 2629 1070 2662; x_wconf 82' lang='lat' dir='ltr'>vate</span> <span class='ocrx_word' id='word_1_208' title='bbox 1103 2636 1214 2662; x_wconf 88' lang='lat' dir='ltr'>sacro</span> <span class='ocrx_word' id='word_1_209' title='bbox 1247 2623 1403 2662; x_wconf 91' lang='lat' dir='ltr'>minime</span> <span class='ocrx_word' id='word_1_210' title='bbox 1429 2629 1604 2663; x_wconf 87' lang='lat' dir='ltr'>carerent</span> 
     </span>
     <span class='ocr_line' id='line_1_27' title="bbox 110 2701 1602 2761; baseline 0.002 -19"><span class='ocrx_word' id='word_1_211' title='bbox 110 2715 132 2742; x_wconf 89' lang='lat' dir='ltr'>a</span> <span class='ocrx_word' id='word_1_212' title='bbox 162 2701 372 2758; x_wconf 88' lang='lat' dir='ltr'>probitatis</span> <span class='ocrx_word' id='word_1_213' title='bbox 411 2702 511 2745; x_wconf 90' lang='lat' dir='ltr'>libro</span> <span class='ocrx_word' id='word_1_214' title='bbox 554 2706 636 2746; x_wconf 90' lang='lat' dir='ltr'>sine</span> <span class='ocrx_word' id='word_1_215' title='bbox 675 2705 756 2746; x_wconf 93' lang='lat' dir='ltr'>ullo</span> <span class='ocrx_word' id='word_1_216' title='bbox 796 2705 1026 2761; x_wconf 87' lang='lat' dir='ltr'>postliminii</span> <span class='ocrx_word' id='word_1_217' title='bbox 1054 2705 1144 2760; x_wconf 83' lang='lat' dir='ltr'>jure</span> <span class='ocrx_word' id='word_1_218' title='bbox 1176 2704 1406 2746; x_wconf 79' lang='lat' dir='ltr'>exsulasse?</span> <span class='ocrx_word' id='word_1_219' title='bbox 1453 2704 1602 2746; x_wconf 87' lang='lat' dir='ltr'>Deinde</span> 
     </span>
     <span class='ocr_line' id='line_1_28' title="bbox 110 2785 1603 2846; baseline 0.002 -20"><span class='ocrx_word' id='word_1_220' title='bbox 110 2800 217 2836; x_wconf 87' lang='lat' dir='ltr'>vero,</span> <span class='ocrx_word' id='word_1_221' title='bbox 251 2800 372 2843; x_wconf 87' lang='lat' dir='ltr'>quum</span> <span class='ocrx_word' id='word_1_222' title='bbox 402 2785 574 2829; x_wconf 87' lang='lat' dir='ltr'>Davides</span> <span class='ocrx_word' id='word_1_223' title='bbox 607 2787 814 2830; x_wconf 88' lang='lat' dir='ltr'>adversum</span> <span class='ocrx_word' id='word_1_224' title='bbox 847 2787 957 2830; x_wconf 89' lang='lat' dir='ltr'>Sauli</span> <span class='ocrx_word' id='word_1_225' title='bbox 989 2788 1182 2845; x_wconf 87' lang='lat' dir='ltr'>proelium</span> <span class='ocrx_word' id='word_1_226' title='bbox 1215 2788 1337 2846; x_wconf 83' lang='lat' dir='ltr'>elegia</span> <span class='ocrx_word' id='word_1_227' title='bbox 1368 2803 1603 2830; x_wconf 88' lang='lat' dir='ltr'>commemo-</span> 
     </span>
     <span class='ocr_line' id='line_1_29' title="bbox 109 2869 1602 2929; baseline 0.001 -19"><span class='ocrx_word' id='word_1_228' title='bbox 109 2877 254 2919; x_wconf 88' lang='lat' dir='ltr'>rasset,</span> <span class='ocrx_word' id='word_1_229' title='bbox 298 2884 414 2926; x_wconf 87' lang='lat' dir='ltr'>quam</span> <span class='ocrx_word' id='word_1_230' title='bbox 445 2869 664 2914; x_wconf 85' lang='lat' dir='ltr'>Jasharano</span> <span class='ocrx_word' id='word_1_231' title='bbox 706 2872 806 2914; x_wconf 89' lang='lat' dir='ltr'>libro</span> <span class='ocrx_word' id='word_1_232' title='bbox 849 2872 1036 2914; x_wconf 86' lang='lat' dir='ltr'>inclusam</span> <span class='ocrx_word' id='word_1_233' title='bbox 1075 2872 1226 2929; x_wconf 87' lang='lat' dir='ltr'>populo</span> <span class='ocrx_word' id='word_1_234' title='bbox 1259 2887 1332 2914; x_wconf 91' lang='lat' dir='ltr'>suo</span> <span class='ocrx_word' id='word_1_235' title='bbox 1365 2872 1602 2914; x_wconf 88' lang='lat' dir='ltr'>recitandam</span> 
     </span>
    </p>
   </div>
   <div class='ocr_carea' id='block_1_4' title="bbox 110 2954 1602 3073">
    <p class='ocr_par' dir='ltr' id='par_1_4' title="bbox 110 2954 1602 3073">
     <span class='ocr_line' id='line_1_30' title="bbox 110 2954 1602 3013; baseline 0.001 -18"><span class='ocrx_word' id='word_1_236' title='bbox 110 2955 342 3010; x_wconf 89' lang='lat' dir='ltr'>proposuit,</span> <span class='ocrx_word' id='word_1_237' title='bbox 390 2967 484 2996; x_wconf 90' lang='lat' dir='ltr'>num</span> <span class='ocrx_word' id='word_1_238' title='bbox 533 2954 713 2998; x_wconf 87' lang='lat' dir='ltr'>credibile</span> <span class='ocrx_word' id='word_1_239' title='bbox 752 2955 854 2999; x_wconf 86' lang='lat' dir='ltr'>foret</span> <span class='ocrx_word' id='word_1_240' title='bbox 892 2957 1042 3013; x_wconf 83' lang='lat' dir='ltr'>regium</span> <span class='ocrx_word' id='word_1_241' title='bbox 1083 2955 1191 2998; x_wconf 89' lang='lat' dir='ltr'>illum</span> <span class='ocrx_word' id='word_1_242' title='bbox 1230 2965 1387 3012; x_wconf 86' lang='lat' dir='ltr'>poetam</span> <span class='ocrx_word' id='word_1_243' title='bbox 1426 2955 1499 2997; x_wconf 88' lang='lat' dir='ltr'>alia</span> <span class='ocrx_word' id='word_1_244' title='bbox 1537 2955 1602 2996; x_wconf 88' lang='lat' dir='ltr'>illa</span> 
     </span>
     <span class='ocr_line' id='line_1_31' title="bbox 1273 3036 1316 3073; baseline -0.047 0"><span class='ocrx_word' id='word_1_245' title='bbox 1273 3036 1316 3073; x_wconf 88' lang='grc'>16</span> 
     </span>
    </p>
   </div>
  </div>
 </body>
</html>
