1867 3301
936 197 1030 244 132

237 335 404 378 radicem
434 337 615 393 proxime
647 338 816 392 respicit.
863 335 1008 377 Forma
1041 343 1168 377 autem
1191 335 1372 378 vocabuli
1395 337 1560 393 propius
1583 335 1728 379 accedit

238 420 286 461 ad
318 417 427 488 Ἶῖζῖἶ,
462 428 500 461 et
530 419 612 462 fieri
644 427 776 476 potest
807 428 852 461 ut
884 419 1018 461 ambae
1051 421 1232 461 notiones
1264 421 1302 460 in
1337 422 1556 476 composito
1578 419 1731 461 Isra-el

239 507 533 553 contineantur3
575 518 662 544 nam
697 506 762 560 qui
796 504 1046 560 probitatem
1078 504 1170 545 colit
1202 518 1329 545 coram
1363 503 1467 553 Deo,
1509 504 1541 544 is
1575 510 1674 545 certe
1707 518 1727 543 a

236 587 320 629 Deo
350 587 547 644 savorem
586 595 623 628 et
665 588 982 629 benedictionem
1022 589 1171 644 accipit.
1235 587 1351 629 Haud
1384 587 1548 628 absimili
1580 588 1728 643 cogita-

236 673 387 712 tionum
413 672 598 712 societate
620 670 856 712 vocabulum
879 675 1015 741 Πγέζζ,
1050 679 1095 712 ut
1116 673 1210 712 satis
1233 679 1370 713 notum
1394 679 1471 721 est,
1506 685 1586 711 non
1607 668 1726 711 modo

229 755 368 814 fidam
388 754 460 796 Dei
492 754 822 805 benevolentiam,
857 770 992 797 verum
1024 757 1137 796 etiam
1158 758 1261 812 piam
1285 755 1454 797 hominis
1469 754 1602 814 fidem
1624 768 1728 795 com-

236 838 432 894 plectitur.

355 922 407 963 Et
445 924 499 963 sic
539 921 665 963 fauste
705 936 748 963 ac
789 922 948 963 feliciter
990 922 1148 978 explicit
1187 922 1357 963 secunda
1395 921 1600 963 Jasharani
1639 920 1727 962 libri

236 1020 341 1062 pars.
389 987 521 1046 Prima
542 1005 657 1046 nobis
683 1005 917 1047 exhibuerat
936 1006 1153 1055 hominem,
1189 1007 1255 1061 qui
1271 1005 1429 1061 probus
1451 1001 1581 1073 (Ἶῖξξ)
1603 1003 1726 1045 factus

238 1097 358 1139 esset,
393 1103 412 1129 a
436 1088 519 1130 Deo
555 1089 848 1139 desciscentem,
883 1097 1048 1146 propter
1080 1090 1204 1130 carnis
1239 1090 1603 1145 concupiscentiam.
1657 1087 1728 1128 Hic

238 1175 298 1213 via
332 1174 517 1229 aperitur‚
550 1188 621 1229 per
653 1188 768 1230 quam
800 1173 920 1213 homo
954 1175 1092 1213 iterum
1118 1173 1277 1228 probus
1297 1173 1375 1213 fiet.
1422 1171 1478 1213 lbi
1501 1174 1539 1213 in
1561 1173 1727 1228 imagine

237 1255 309 1297 Dei
344 1264 494 1297 creatus
529 1256 579 1297 ad
610 1255 831 1299 inferiorem
866 1256 1126 1297 conditionem
1161 1255 1306 1297 labitur
1336 1256 1470 1297 homo.
1518 1255 1590 1297 Hic
1621 1255 1726 1297 Deus

238 1339 445 1396 pollicetur
487 1355 526 1381 se
558 1342 659 1382 inter
691 1340 867 1382 homines
900 1339 1193 1381 tabernaculum
1227 1354 1341 1380 suum
1372 1341 1608 1395 positurum.
1671 1339 1726 1380 Ibi

238 1439 257 1465 e
291 1432 503 1481 conspectu
527 1423 701 1465 Jehovae
735 1421 793 1492 (³2
826 1428 960 1473 5:272,
997 1422 1092 1464 Gen.
1115 1423 1181 1473 IV,
1210 1420 1279 1476 14)
1313 1423 1447 1464 exulat
1467 1423 1657 1473 Adamas,
1691 1431 1729 1464 et

238 1516 375 1565 portae
406 1507 551 1548 Edenis
586 1507 859 1548 occluduntur.
922 1507 995 1548 Hic
1025 1507 1172 1549 Peniel
1199 1509 1224 1547 i.
1249 1521 1280 1547 c.
1299 1505 1448 1563 facies,
1474 1507 1725 1563 praesentia,

239 1600 275 1633 et
297 1590 429 1647 favor
459 1591 633 1632 Jehovae
672 1592 811 1632 iterum
849 1593 949 1632 inter
980 1590 1158 1631 homines
1192 1592 1465 1640 constituitur,
1506 1599 1543 1631 et
1573 1590 1674 1631 scala
1707 1605 1726 1630 a

239 1675 348 1715 coelo
382 1674 581 1716 descendit
612 1689 682 1730 per
715 1689 829 1730 quam
847 1675 916 1730 pii
938 1689 981 1715 ac
1000 1675 1127 1730 probi
1147 1674 1322 1716 homines
1346 1674 1394 1714 ad
1417 1688 1545 1714 veram
1570 1672 1725 1725 Bethel,

239 1762 261 1799 i.
286 1774 318 1800 e.
353 1758 425 1800 Dei
458 1758 611 1808 aedem,
647 1760 725 1799 sint
756 1761 967 1800 ascensuri.
