1867 3301
933 170 1031 218 198

234 323 272 355 et
308 314 525 370 prophetae
558 310 598 366 (1
626 311 730 353 Sam.
754 309 867 361 XVI,
893 307 936 363 2)
976 325 1049 367 pro
1091 325 1132 351 se
1170 312 1336 367 quisque
1368 310 1520 352 hostias
1550 308 1725 352 Jehovae

234 397 468 439 mactabant.
531 395 597 437 Ad
629 410 755 436 arcam
787 393 954 435 foederis
989 394 1314 444 conservandam,
1358 393 1419 435 vel
1452 392 1632 435 Shilunte
1664 394 1726 434 vel

236 480 423 536 Hylopoli
468 479 631 547 (ΕὟἾῌἾ
671 475 820 546 ΠΪἾΡ)
863 477 923 518 vel
956 476 1099 518 Gibeae
1138 477 1200 518 vel
1239 475 1398 526 Nobae,
1447 476 1633 532 aliquem,
1681 484 1726 518 ut

237 562 410 611 videtur,
452 564 682 603 nominatim
721 559 1002 602 consecrabant
1041 557 1081 612 (1
1109 559 1214 601 Sam.
1232 560 1322 610 Vll,
1348 557 1404 613 8).
1467 559 1595 600 Etiam
1633 567 1727 616 post

235 646 422 701 templum
455 646 657 687 conditum
690 644 852 686 Solomo
886 643 1099 685 sacerdotis
1134 643 1261 684 officio
1296 642 1532 700 fungebatur
1564 640 1604 695 (1
1626 641 1724 699 Reg.

234 728 309 778 IX,
335 726 430 781 25),
472 737 510 770 et
540 729 698 770 Levitae
730 729 887 769 nonnisi
919 729 959 768 in
991 727 1146 768 servilia
1166 724 1436 783 ἱεροδούλων
1457 723 1482 780 ¹)
1515 726 1728 767 ministeria

237 811 418 853 advocati
458 820 586 861 erant,
628 811 679 852 ad
710 810 913 852 arbitrium
945 812 1047 867 regis
1082 807 1314 867 (1Reg.11,
1339 807 1432 863 27),
1476 819 1514 852 et
1544 824 1728 851 nonnun-

237 910 374 952 quam,
409 904 453 937 ut
485 895 736 952 significatur,
771 894 919 949 abjecta
952 902 1181 950 paupertate
1214 893 1392 934 terebant
1414 895 1534 935 vitam
1559 890 1599 946 (1
1620 892 1726 935 Sam.

235 978 285 1028 II,
319 975 405 1031 36).
471 978 550 1019 Sed
591 978 687 1018 ordo
721 978 918 1019 Levitieus
960 976 1009 1017 ad
1046 991 1237 1017 summam
1269 976 1496 1033 dignitatem
1526 976 1728 1034 paullatim

238 1070 394 1103 evectus
429 1070 509 1111 est,
541 1063 769 1117 praesertim
791 1062 831 1100 in
851 1074 972 1116 regno
995 1059 1184 1110 Judaeae,
1216 1059 1285 1101 ubi
1309 1068 1402 1117 post
1422 1060 1602 1102 Athaliae
1624 1074 1730 1102 mor-

236 1154 314 1186 tem
346 1147 482 1201 ingens
514 1159 645 1186 rerum
675 1145 927 1184 commutatio
950 1143 1175 1185 Levitarum
1196 1143 1438 1185 Judaeorum
1460 1143 1608 1185 auxilio
1630 1143 1731 1185 facta

239 1237 297 1270 est
330 1225 373 1280 (2
395 1228 633 1284 Paralipom.
656 1227 803 1277 XXIII,
828 1226 854 1268 2
876 1223 995 1283 sqq).
1043 1225 1124 1268 Nec
1154 1235 1283 1270 tamen
1315 1227 1529 1269 dominatio
1563 1226 1628 1268 illa
1649 1227 1730 1283 spi-

238 1312 359 1352 ritalis
392 1313 549 1367 penitus
582 1311 753 1352 adolevit
785 1311 909 1352 donec
938 1311 1152 1360 Israelitae,
1193 1326 1214 1351 a
1245 1310 1467 1367 Babylonio
1500 1310 1638 1352 exsilio
1669 1324 1730 1352 re-

240 1397 364 1444 versi,
414 1394 640 1451 auspicibus
679 1394 778 1436 Esra
818 1395 980 1451 aliisque
1028 1394 1335 1436 sacerdotalibus
1378 1396 1470 1435 viris
1509 1393 1729 1436 absolutam

239 1477 315 1519 sibi
354 1478 612 1519 hierarchiam
653 1480 956 1519 constituerunt.
1017 1478 1118 1519 Hinc
1157 1478 1243 1519 illae
1282 1478 1507 1519 Levitarum
1548 1475 1730 1518 decumae

240 1569 465 1617 ceteraeque
508 1563 816 1618 praerogativae.
879 1561 980 1603 Hinc
1018 1563 1118 1602 ritus
1159 1569 1197 1602 et
1236 1563 1475 1601 ceremoniae
1516 1568 1553 1601 et
1591 1559 1730 1601 Phari-

240 1659 421 1686 saeorum
450 1644 619 1701 farrago.
669 1644 770 1686 Hinc
795 1652 908 1685 aucta
931 1644 995 1684 illa
1019 1653 1055 1685 et
1078 1646 1224 1700 passim
1248 1645 1451 1685 immutata
1474 1642 1731 1684 Pentateuchi

239 1728 372 1769 editio.
416 1727 547 1781 Quum
568 1736 697 1769 tamen
719 1742 766 1768 nc
789 1727 952 1769 evanida
975 1727 1132 1783 quidem
1154 1727 1273 1783 hujus
1296 1726 1503 1768 sacerdotii
1525 1734 1563 1768 et
1582 1726 1731 1767 hierar-

241 1811 348 1852 chiae
382 1813 546 1868 vestigia
583 1813 622 1851 in
656 1810 883 1852 Solomonis
916 1811 1082 1852 historia
1112 1812 1376 1859 inveniamus,
1419 1809 1517 1850 nihil
1546 1808 1732 1865 prohibet

240 1896 450 1951 quominus
483 1903 591 1935 vates
615 1893 880 1935 Solomoneus
913 1903 1058 1935 sortem
1089 1895 1218 1934 minus
1247 1907 1478 1950 prosperam
1505 1892 1730 1934 Levitarum

241 1977 440 2020 sodalitati
473 1976 715 2019 attribueret.
777 1977 829 2018 Et
865 1978 1033 2034 aliquam
1065 1977 1191 2018 saltim
1222 1979 1385 2033 gratiam
1417 1976 1566 2018 scribae
1596 1975 1731 2017 Maso-

239 2061 389 2103 rethico
423 2060 566 2102 habere
599 2060 797 2111 debemus,
833 2060 943 2117 quod
975 2075 1096 2117 quum
1129 2060 1220 2101 exili
1250 2059 1416 2116 parodia
1445 2059 1564 2115 hujus
1593 2060 1730 2100 cantici

239 2144 365 2185 Mosis
405 2143 716 2185 benedictionem
756 2146 1016 2200 corrupisset,
1063 2144 1168 2184 hunc
1208 2151 1336 2184 tamen
1374 2143 1503 2184 locum
1543 2144 1731 2184 intactum

241 2227 421 2283 reliquit,
467 2235 511 2267 ut
550 2227 666 2268 nobis
706 2226 796 2268 inde
837 2227 1013 2283 detegere
1054 2240 1260 2283 possemus
1302 2227 1511 2267 insiticium
1542 2240 1728 2282 pannum,

243 2324 321 2366 quo
355 2309 474 2350 alium
504 2309 711 2351 Jasharani
742 2309 830 2350 libri
862 2309 1141 2366 Fragmentum
1171 2318 1248 2351 tam
1281 2308 1431 2350 infabre
1464 2290 1707 2351 deformavit.

359 2392 445 2434 Jam
477 2408 571 2434 vero
614 2408 636 2433 a
676 2393 932 2434 detestatione
973 2392 1022 2433 ad
1060 2391 1371 2433 benedictionem
1409 2400 1527 2448 poeta
1566 2406 1606 2433 se
1638 2406 1731 2433 con-

242 2477 370 2517 vertit.
433 2475 565 2532 Atque
606 2476 668 2516 hic
709 2475 865 2531 quidem
904 2477 958 2516 ita
988 2490 1068 2516 rem
1100 2477 1222 2531 gessit
1255 2474 1301 2516 G.
1323 2475 1373 2516 A.
1398 2473 1643 2524 Schumann,
1686 2483 1732 2516 ut

241 2560 442 2600 minimum
475 2559 570 2600 mihi
600 2573 740 2615 operae
763 2573 806 2600 ac
827 2557 973 2599 laboris
995 2558 1206 2614 reliquerit.
1255 2556 1366 2599 Vidit
1387 2560 1486 2598 enim
1509 2558 1584 2599 hoc
1605 2557 1731 2599 Judae

241 2644 494 2698 praeconium
526 2644 743 2683 necessario
778 2650 951 2697 spectare
983 2640 1032 2682 ad
1063 2640 1103 2681 id
1134 2649 1286 2696 tempus
1321 2655 1426 2698 »quo
1449 2641 1574 2683 Judae
1603 2640 1730 2682 tribus

243 2739 396 2766 summo
428 2727 579 2781 imperii
611 2724 819 2782 splendore
850 2725 990 2767 florere
1024 2726 1169 2780 eoepit,
1205 2739 1283 2781 quo
1317 2740 1338 2765 a
1371 2723 1506 2774 Saulo,
1540 2739 1560 2766 e
1587 2724 1730 2780 Benja-

346 2835 369 2876 ¹)
402 2834 563 2869 Similiter
582 2833 698 2869 Cicero
725 2836 877 2869 nominat
901 2834 1048 2878 (Cluent.
1067 2833 1145 2876 XV,
1164 2833 1223 2879 43)
1250 2835 1447 2869 »ministros
1467 2833 1622 2881 publicos
1640 2835 1730 2870 Mar·

244 2899 297 2942 tis,
325 2910 471 2945 quorum
497 2902 579 2935 satis
606 2912 748 2946 magnus
775 2912 935 2935 numerus
962 2905 1084 2943 esset«,
1110 2906 1148 2934 ut
1173 2901 1318 2935 civitatis
1339 2899 1419 2945 jura
1445 2905 1651 2945 oppeterent.
