1867 3301
723 189 1005 261 „235-

113 329 336 386 Fragmenti
376 331 500 370 nostri
543 329 734 386 particula
775 329 823 370 ad
857 329 1070 370 Deuteron.
1101 327 1176 377 XI,
1205 325 1230 368 9
1263 326 1519 383 producitur,
1563 327 1612 367 ad

113 414 216 454 illam
248 415 346 454 initii
380 415 490 470 quasi
524 415 770 454 iterationem
803 412 1059 469 emphaticam
1092 413 1382 468 perveniemus,
1418 425 1496 467 qua
1528 419 1612 451 tota

114 499 240 538 oratio
272 505 362 553 apta
393 505 429 538 61
457 497 629 539 rotunda
654 497 867 539 verborum
899 497 1192 538 constructione
1220 493 1353 536 orbem
1381 509 1496 535 suum
1519 509 1612 535 con-

113 580 225 622 ficiet.
274 580 312 623 A
342 582 547 637 promissis
580 581 777 622 benefieiis
805 583 994 638 incipiens
1018 582 1056 621 111
1080 579 1213 620 cadem
1237 578 1379 620 desinit
1400 578 1612 636 Fragmen-

114 673 195 705 tum
226 673 426 715 nostrum,
461 673 578 722 atque
613 668 665 706 ita
695 665 745 707 ad
770 667 870 707 tertii
892 665 1117 722 Fragmenti
1141 663 1428 705 admonitiones
1450 670 1609 719 pontem

115 750 353 790 transmittit.

461 943 519 989 IN
555 944 955 991 FRAGMENTUM
993 943 1263 990 TERTIUM.

230 1083 427 1126 Serratam
470 1084 692 1127 dimidiatae
734 1094 901 1127 tesserae
943 1088 1081 1136 aciem,
1125 1100 1203 1143 qua
1244 1100 1330 1126 cum
1371 1083 1492 1126 altera
1530 1086 1609 1126 acie

112 1168 251 1210 collata
282 1171 434 1225 priores
466 1177 545 1210 tres
569 1169 685 1211 Deut.
710 1185 741 1210 c.
760 1170 848 1211 Vlll
876 1170 1091 1212 versiculos
1124 1178 1212 1210 ante
1245 1177 1401 1210 sextum
1423 1171 1524 1210 sexti
1548 1183 1610 1210 ca-

108 1252 224 1309 pituli
258 1267 413 1294 versum
451 1253 658 1310 ponendos
691 1253 828 1309 judico
867 1262 983 1310 atque
1024 1256 1077 1295 ita
1110 1255 1248 1311 viginti
1288 1262 1367 1295 tres
1399 1268 1537 1295 versus
1571 1256 1609 1294 111

108 1351 229 1378 11111111]
252 1336 529 1394 Fragmentum
563 1337 841 1388 conciliandos,
876 1340 916 1379 in
946 1339 1179 1394 repetitione
1201 1336 1310 1379 verbi
1333 1331 1464 1396 ΠἹἮῙῚ,
1500 1336 1610 1394 quod

108 1421 147 1461 in
179 1422 306 1476 primo
330 1419 566 1478 Fraginento
601 1436 689 1463 cum
713 1423 751 1462 vi
784 1421 953 1478 quadam
984 1423 1149 1478 ponitur
1181 1418 1464 1475 (Deut.V‚-1),
1500 1421 1610 1478 quod

107 1505 265 1545 tertium
313 1519 473 1561 quoque
516 1505 794 1563 Fragmentum
841 1506 1026 1547 inchoare
1074 1504 1190 1546 debet
1238 1502 1378 1558 (Deut.
1405 1505 1509 1555 VIII,
1546 1503 1606 1559 1),

108 1587 218 1645 quod
249 1597 379 1630 autem
410 1591 450 1630 in
483 1589 617 1631 eodem
639 1589 875 1647 Fragmento
903 1592 1048 1647 optime
1074 1591 1280 1631 iteraretur
1307 1586 1440 1643 (Deut.
1458 1589 1523 1639 VI,
1549 1586 1607 1642 6).

109 1671 225 1713 Tales
265 1674 491 1715 iterationes
530 1676 570 1715 in
608 1675 718 1731 rupti
758 1675 949 1716 orationis
983 1674 1120 1716 ordine
1152 1673 1396 1716 restituendo
1428 1674 1609 1716 nonnihil

106 1755 292 1812 ponderis
330 1756 494 1808 habere,
536 1759 665 1799 sciunt
696 1760 743 1809 ii,
788 1761 856 1815 qui
886 1758 1037 1800 Jesaiae
1069 1760 1263 1800 vaticiniis
1298 1773 1456 1815 operam
1487 1773 1608 1800 nava-

107 1849 249 1882 verunt
282 1837 346 1895 (cf.
369 1841 447 1883 Jes.
466 1841 515 1891 V,
541 1841 609 1884 25.
643 1841 718 1893 IX,
747 1841 812 1893 12,
844 1841 910 1893 17,
936 1841 1005 1884 21.
1038 1842 1089 1893 Χ,
1118 1840 1176 1896 4).
1227 1841 1307 1884 Sed
1339 1845 1378 1883 in
1410 1842 1487 1884 hoc
1518 1843 1605 1884 loeo

105 1926 356 1981 praecipuam
402 1925 517 1968 fidem
564 1928 689 1983 ipsius
733 1935 943 1968 contextus
982 1928 1217 1968 testimoniis
1258 1925 1446 1968 attribuo.
1507 1925 1606 1968 Nam

107 2022 257 2049 summa
297 2010 489 2065 gravitate
528 2012 769 2067 praecipitur
799 2019 845 2052 ut
883 2010 1001 2067 probi
1033 2011 1227 2052 Israelitae
1269 2013 1494 2052 memoriter
1526 2011 1608 2052 cdi-

107 2100 216 2133 scant
255 2107 298 2134 ac
336 2102 529 2150 perpetuo
569 2094 807 2136 meditentur
839 2094 933 2136 haec
970 2096 1056 2151 ipsa
1096 2103 1135 2136 et
1176 2110 1275 2152 quae
1314 2103 1606 2152 praecesserant

106 2174 225 2216 verba
259 2172 392 2229 (Deut.
411 2176 476 2227 VI,
502 2175 540 2227 6,
567 2174 623 2231 9).
669 2177 755 2219 Jam
788 2193 881 2219 vero
914 2178 1029 2220 Jesus
1058 2177 1254 2229 Christus,
1291 2194 1411 2236 quum
1443 2179 1604 2221 insidias

106 2259 391 2302 sollicitationis
419 2261 639 2303 mundanae
667 2262 913 2319 repudiabat,
948 2262 1021 2305 tela
1043 2278 1116 2304 sua
1137 2277 1186 2305 ex
1207 2263 1284 2305 hoc
1306 2265 1603 2306 armamentario

106 2342 362 2401 deprompsit.
410 2344 510 2387 Nam
542 2354 620 2388 tres
654 2346 860 2389 dumtaxat
891 2349 1094 2389 citationes
1127 2347 1321 2398 adhibuit,
1356 2363 1499 2405 easque
1531 2348 1605 2390 hoc

106 2427 242 2469 ordine
275 2425 316 2481 a)
350 2428 592 2480 Deut.VllI,
627 2428 666 2472 3.
701 2428 741 2485 b)
774 2431 985 2482 Deut.V1‚
1023 2431 1088 2474 13.
1124 2429 1160 2486 c)
1193 2432 1401 2483 Deut.VI,
1432 2431 1498 2474 16.
1553 2430 1604 2474 Ut

104 2510 213 2553 vides
234 2511 432 2554 Lucanam
462 2516 726 2556 narrationem
759 2523 916 2557 secutus
951 2530 1055 2566 sum,
1092 2530 1191 2572 quae
1218 2530 1289 2573 per
1311 2531 1350 2557 sc
1373 2517 1601 2558 concinnius

104 2594 252 2646 evadit,
293 2611 382 2639 nam
420 2598 557 2640 melius
597 2601 808 2641 transimus
850 2615 871 2641 a
911 2599 1010 2641 same
1050 2599 1276 2656 depellenda
1307 2599 1358 2641 ad
1388 2600 1602 2658 temporale

103 2677 328 2736 imperium,
376 2689 492 2738 atque
539 2682 628 2724 inde
676 2683 725 2725 ad
772 2683 925 2725 divinae
970 2685 1169 2741 potentiae
1214 2683 1599 2736 demonstrationem,

104 2777 221 2819 quam
252 2765 285 2805 si
317 2779 404 2806 cum
431 2765 634 2808 Matthaeo
667 2767 706 2808 id
740 2768 850 2824 quod
881 2767 1096 2809 secundum
1128 2775 1188 2810 cst
1216 2771 1332 2811 tertio
1367 2769 1452 2812 loeo
1484 2769 1600 2827 poni-

102 2861 202 2888 mus.
256 2846 477 2905 Assumpto
516 2851 657 2907 igitur,
701 2851 778 2894 hoc
808 2851 1087 2909 Fragmentum
1121 2851 1212 2895 olim
1251 2868 1331 2897 uno
1363 2862 1500 2896 tenore
1533 2854 1600 2897 dc-

103 2932 289 2983 currisse,
329 2941 453 2990 prout
482 2933 566 2990 jam
597 2937 738 2978 iterum
770 2938 1033 2993 compositum
1065 2945 1144 2990 est,
1176 2937 1311 2982 Jesum
1342 2947 1472 2982 autem
1503 2938 1598 2982 hacc
