1867 3301
113 356 184 394 καὶ
216 350 313 401 τούς
346 350 550 405 ἀγγέλους
582 351 656 393 τοῦ
687 352 799 394 θεοῦ
833 348 1156 405 ιῖναβαίνοντας
1177 353 1248 392 καὶ
1270 353 1611 405 καταβαίνοντας

112 435 181 477 ἐπὶ
212 434 287 478 τὸν
318 432 414 477 υἱὸν
446 437 520 476 τοῦ
552 432 795 489 ἀνθρώπου
828 434 987 489 (Joann.
1011 436 1045 485 I,
1071 432 1144 489 52)
1167 431 1206 489 ¹).
1261 436 1396 492 Itaque
1435 435 1610 478 diversae

113 520 197 560 illae
238 535 281 561 ac
321 519 585 575 discrepantes
623 519 853 561 traditiones
888 520 933 560 de
967 521 1218 576 impositione
1250 521 1419 560 nominis
1451 519 1609 570 Bethel,

114 618 212 660 quae
244 603 304 644 bis
339 606 378 644 in
411 602 547 644 eodem
580 605 705 659 capite
739 599 853 656 (Gen.
878 602 1050 652 XXXV,
1075 602 1114 653 7,
1142 600 1212 656 15)
1246 605 1513 653 inveniuntur,
1552 617 1612 644 se-

112 689 254 728 riorem
294 701 365 728 nec
404 689 498 727 satis
539 686 698 728 doctum
738 689 987 743 interpretem
1020 689 1191 742 sapiunt.
1256 687 1376 728 Immo
1410 702 1524 737 νει-ο,
1566 695 1613 728 ut

113 773 149 811 in
192 773 276 827 ipsa
307 769 529 827 Fragmenti
570 770 690 826 hujus
731 772 1012 811 constitutione
1045 769 1175 819 vides,
1216 773 1475 827 posteriorem
1508 770 1611 812 illam

112 854 322 895 clausulam
363 854 412 895 ad
452 856 742 911 impositionem
783 855 953 894 nominis
992 853 1140 894 Peniel
1176 854 1416 895 confidenter
1454 855 1612 896 trahen-

113 938 200 979 dam
234 953 385 988 censeo,
420 947 458 979 et
487 938 608 993 ejecto
632 938 825 979 versiculo
853 935 905 978 15
939 938 1075 993 capitis
1097 937 1269 988 XXXV,
1304 938 1394 979 illuc
1418 938 1610 1003 transfero

114 1037 214 1063 vers.
239 1020 295 1063 30
336 1037 419 1078 cap.
443 1021 608 1063 XXXII.
672 1021 805 1078 Atque
845 1021 947 1062 hanc
987 1021 1061 1062 loci
1101 1021 1471 1079 redintegrationem
1510 1024 1612 1063 veri-

114 1106 342 1146 simillimam
366 1121 462 1155 esse,
488 1107 610 1146 cuivis
636 1104 743 1146 facile
764 1104 927 1161 patebit.
969 1104 1066 1146 Nam
1090 1121 1140 1148 ex
1159 1106 1382 1148 Palaestina
1403 1107 1613 1148 discedens

114 1189 239 1230 Deum
279 1192 319 1230 in
358 1192 512 1231 somnio
556 1197 708 1230 tantum
749 1197 866 1245 atquc
908 1191 946 1230 in
985 1205 1136 1231 summa
1176 1191 1278 1232 scala
1316 1192 1340 1231 i.
1364 1206 1395 1232 e.
1429 1193 1468 1231 in
1502 1191 1610 1232 coelo

113 1272 263 1314 viderat
301 1272 495 1323 Jacobus;
548 1288 597 1314 ex
634 1272 925 1329 Mesopotamia
963 1282 1091 1315 autem
1131 1290 1292 1316 reverso
1331 1271 1526 1327 (XXXV,
1559 1272 1611 1326 9)

113 1358 219 1398 Deus
251 1356 400 1398 Jacobo
436 1358 634 1413 apparuit
666 1354 806 1424 (ΝΤ)
844 1365 882 1398 et
912 1366 1052 1413 postea
1086 1359 1269 1399 ascendit
1299 1342 1435 1417 (l7pj)
1469 1358 1516 1399 ab
1550 1373 1610 1407 eo,

114 1443 166 1482 ita
204 1449 249 1482 ut
289 1440 513 1497 symbolum
546 1441 608 1482 vel
640 1441 800 1498 angelus
835 1441 988 1482 divinae
1029 1444 1271 1498 praesentiae
1304 1443 1343 1482 in
1375 1448 1478 1483 t'erra
1511 1450 1614 1483 esset

115 1522 168 1577 (v.
198 1522 280 1578 13).
344 1525 493 1566 Prioris
535 1527 656 1582 igitur
687 1526 936 1581 θεοφανίας
975 1525 1104 1566 locum
1139 1525 1239 1567 »Dei
1272 1526 1440 1567 aedem«
1479 1527 1613 1582 appel-

113 1608 238 1659 labat3
272 1609 436 1650 alterum
468 1609 573 1650 hunc
606 1608 772 1650 debebat
795 1609 892 1650 »Dei
925 1617 1210 1666 conspectum«
1237 1625 1489 1668 nuncupare,
1523 1625 1611 1651 nam

114 1696 187 1738 ἾΞΞ
220 1701 278 1734 est
302 1708 488 1749 persona
518 1693 580 1734 vel
603 1695 846 1749 praesentia
877 1693 1042 1749 alicujus
1077 1691 1120 1746 (2
1145 1693 1250 1736 Sam.
1273 1694 1406 1744 XVII,
1430 1691 1514 1747 11).

114 1791 160 1817 ne
195 1775 438 1818 obliviscaris
471 1777 710 1818 locutionem
742 1777 844 1818 illam
878 1782 912 1810 Ἣ
945 1761 1066 1826 ³225,
1101 1792 1201 1834 quae
1233 1794 1315 1820 non
1345 1777 1466 1820 modo
1499 1792 1613 1834 prae-

115 1863 276 1902 sentiam
298 1860 437 1902 Jehov
430 1876 472 1902 ae
506 1858 568 1914 (ut
589 1870 676 1902 antc
698 1861 995 1903 tabernaculum
1015 1861 1147 1903 Exod.
1169 1861 1358 1912 XXXIV,
1384 1861 1453 1904 34.
1486 1862 1610 1903 Iexit.

114 1943 187 1993 IX,
213 1943 251 1985 5.
294 1944 442 1994 XXIII,
466 1943 536 1986 40.
576 1944 668 1986 Jud.
692 1945 807 1995 XXI,
832 1942 897 1998 2),
941 1945 1010 1986 sed
1049 1944 1224 1987 favorem
1265 1946 1348 2001 ejus
1390 1953 1428 1986 et
1467 1960 1613 2001 appro-

115 2026 152 2067 1)·
146 2029 313 2069 ationem
336 2028 516 2079 denotat,
544 2028 631 2069 inde
654 2028 818 2084 legimus
842 2033 876 2060 Ἣ
898 2013 1005 2089 ὉΞῘἻ
1028 2032 1132 2097 ῙἾΞἾ
1144 2027 1277 2085 favor
1299 2044 1438 2071 coram
1454 2028 1613 2070 Jelzoza

117 2107 270 2162 (Exod.
294 2110 479 2161 XXVIII,
506 2109 600 2165 38),
635 2117 668 2179 Ἴ]
701 2094 809 2156 ”5¹7
842 2082 1050 2180 ἾιἺἾΠἾ
1085 2113 1211 2154 vitam
1231 2128 1375 2168 yerere
1395 2113 1490 2156 Deo
1512 2129 1611 2169 φα.-

116 2201 200 2235 tam
228 2203 265 2235 et
295 2202 504 2251 acceptam
535 2192 655 2248 (Gen.
679 2175 810 2245 XVII,
839 2194 899 2248 1),
941 2195 1048 2237 haud
1084 2197 1194 2238 aliter
1226 2211 1344 2253 quam
1377 2212 1498 2254 quum
1532 2200 1614 2238 ve1i

114 2278 307 2319 Israelitae
335 2278 528 2334 jubentur
559 2278 681 2320 faeere
715 2279 754 2320 id
787 2280 896 2336 quod
919 2281 1100 2336 probum
1131 2277 1299 2348 (Ἶῖτϋὲζῒ)
1323 2289 1362 2322 et
1381 2280 1530 2322 bonum
1555 2290 1613 2322 est

116 2371 203 2403 ante
227 2362 363 2403 oculos
386 2362 560 2404 Jehovae
585 2360 634 2430 (³2
668 2363 802 2408 ὉΨΞ
835 2363 1033 2414 Deut.VI,
1062 2362 1146 2417 18).
1193 2364 1251 2405 Ita
1272 2379 1414 2405 nomen
1435 2364 1617 2406 Peme-el

117 2446 176 2487 vel
207 2447 375 2488 Perti-el
412 2446 573 2488 denotat
612 2447 720 2488 illum
752 2427 932 2504 propitii
971 2463 1014 2489 ac
1046 2449 1280 2504 praesentis
1310 2447 1383 2488 Dei
1424 2446 1610 2495 favorem,

117 2545 232 2587 quem
264 2531 357 2572 haec
390 2533 475 2587 ipsa
506 2530 725 2572 benedictio
759 2533 792 2572 ei
824 2533 1040 2588 promittit,
1076 2534 1143 2588 qui
1175 2532 1332 2572 nominc
1363 2530 1519 2572 [cra-el
1547 2530 1613 2571 de-

118 2615 307 2670 signatur.
373 2613 504 2670 Supra
537 2614 891 2656 demonstravimus
929 2615 1029 2657 hanc
1060 2614 1197 2656 Jacobi
1231 2614 1530 2670 appellationem
1564 2614 1613 2655 ad

117 2699 306 2738 utramvis
348 2706 602 2754 cognatarum
637 2698 811 2740 radicum
844 2702 942 2767 Ἶῖζῖἒ
973 2707 1010 2740 et
1042 2695 1159 2765 Ἶῖζὲζξ
1190 2697 1323 2739 reduci
1355 2713 1491 2755 posse.
1550 2698 1613 2738 Ex

118 2789 243 2822 mente
277 2783 479 2837 scriptoris
511 2785 636 2823 nostri
671 2782 720 2823 ad
751 2782 1059 2824 benedictionem
1090 2789 1259 2838 spectat,
1294 2790 1332 2822 et
1352 2784 1610 2838 posteriorem

221 2892 244 2935 ¹)
278 2890 388 2933 Quum
414 2892 563 2926 Jacobus
591 2893 630 2927 ad
657 2896 855 2929 Beth-u—el
879 2894 941 2927 iter
966 2892 1108 2935 faceret,
1144 2897 1222 2926 tunc
1250 2893 1410 2938 temporis
1440 2904 1543 2938 quum
1572 2891 1613 2925 ad

120 2958 247 2992 Bethel
272 2958 478 3002 perveniret,
505 2958 549 2992 ibi
578 2970 715 3004 quoque
743 2959 880 2994 eandem
908 2959 1081 2993 notionem
1108 2957 1240 2993 latitare
1268 2958 1460 2994 credideris.

1279 3029 1326 3063 9.
