1867 3301
795 191 893 241 295

98 263 146 291 rs.
159 261 267 289 xvm.
707 260 824 264 ’ΝΜ
834 262 848 263 ”
861 261 941 264 m*
949 260 986 266 “

100 302 309 332 28ω11.ΧΧΠ.

245 345 309 381 [261
344 333 408 376 Tu
439 343 476 376 te
508 334 687 391 benignis
719 333 945 391 benignum,
979 336 1141 392 integris
1174 336 1382 392 integrum,

241 427 304 464 12⁷]
340 416 493 459 Sanctis
527 426 723 467 sanctum,
760 426 796 459 et
826 420 1023 474 perversis
1054 418 1337 460 intractabilem
1369 420 1545 477 praebes.

243 511 306 548 [28]
339 501 526 543 Homines
551 503 714 542 miseros
738 499 925 550 defendis,
945 510 983 542 et
1006 501 1142 544 oculos
1165 502 1367 546 fastuosos
1391 503 1589 561 deprimis.

243 594 307 632 129]
340 584 474 642 Itaque
505 592 549 626 tu
582 585 676 625 mihi
710 585 834 627 lucem
865 584 1065 635 accendis3

336 667 490 710 Jehova
520 667 628 710 Dcus
659 682 769 709 meus
802 668 981 710 tenebras
1013 683 1118 711 meas
1150 669 1355 712 illuminat.

241 762 306 799 [3ο]
341 752 399 794 Te
432 754 533 794 enim
565 751 661 795 duee
692 746 842 794 turmas
874 752 1039 795 hostiles
1071 752 1236 795 adortus
1269 768 1368 804 sum,

335 834 421 878 Deo
454 835 666 893 adjuvante
697 850 833 878 muros
865 836 1041 878 hostium
1071 837 1265 880 transilui.
1304 857 1351 863 -

763 930 877 965 Strophe
897 929 922 958 5.

240 1013 305 1049 [31]
337 1002 404 1045 Ad
424 1002 551 1045 Deum
574 1001 685 1060 quod
705 1004 855 1053 attinet,
885 1004 949 1044 via
971 1004 1055 1060 ejus
1077 1004 1174 1046 nihil
1196 1003 1316 1046 habet
1336 1003 1587 1055 fallaciarum,

336 1086 388 1129 Et
427 1101 554 1129 sermo
594 1086 789 1137 Jehovae,
837 1086 946 1129 velut
981 1089 1104 1144 ignis,
1152 1088 1491 1145 exploratissimae
1531 1098 1591 1131 est

874 1173 1063 1213 veritatis.

336 1251 512 1311 Clypeus
544 1262 603 1296 est
635 1254 832 1304 omnibus,
868 1256 935 1311 qui
967 1253 1018 1296 ad
1048 1269 1137 1296 eum
1169 1254 1425 1313 confugiunt,

238 1345 301 1387 [32]
333 1337 432 1380 Nam
465 1340 553 1395 quis
586 1346 645 1380 est
675 1337 782 1380 Deus
814 1346 970 1395 praeter
999 1337 1224 1380 Jehovam?

336 1421 537 1477 Quaenam
567 1430 679 1479 petra
710 1430 780 1472 est,
817 1430 974 1479 praeter
1004 1422 1132 1464 Deum
1163 1430 1344 1465 nostrum
1357 1411 1387 1463 ΡΑ

237 1515 301 1555 [aa]
332 1505 440 1548 Deus
473 1514 544 1557 est,
578 1508 646 1563 qui
678 1519 738 1547 me
769 1508 937 1562 accingit
965 1504 1124 1556 robore,

334 1589 411 1645 Qui
444 1589 666 1647 expeditam
697 1589 828 1631 reddit
857 1591 961 1631 viam
992 1604 1138 1641 meam;

234 1682 300 1722 [34]
334 1672 411 1728 Qui
441 1673 561 1729 pedes
592 1687 701 1714 meos
734 1673 878 1715 similes
912 1673 1004 1715 facit
1033 1672 1203 1730 pedibus
1237 1687 1457 1725 cervorum,

330 1757 382 1798 Et
412 1758 452 1798 in
485 1756 606 1799 celsas
640 1771 746 1798 arces
778 1772 838 1799 me
869 1757 1070 1814 perducit3

234 1850 297 1887 [35]
333 1840 409 1895 Qui
440 1855 580 1882 manus
612 1856 716 1882 meas
747 1840 886 1883 bellica
916 1843 957 1882 vi
987 1840 1185 1891 informat,

331 1922 385 1967 Ut
414 1923 575 1966 brachio
608 1939 694 1966 meo
727 1927 877 1982 possim
909 1939 1073 1967 aeneum
1105 1940 1238 1968 arcum
1269 1925 1440 1969 tendere,

234 2016 297 2058 [36]
329 2007 499 2050 Praebes
530 2008 625 2050 mihi
658 2007 896 2050 defensionis
928 2017 1020 2051 tuae
1053 2010 1244 2067 clypeum,

329 2092 480 2134 Dextra
511 2100 581 2133 tua
610 2106 671 2134 me
702 2092 896 2143 suffulsit,
931 2101 969 2135 et
999 2096 1126 2150 gratia
1147 2101 1218 2136 tua
1239 2108 1300 2137 me
1322 2092 1583 2151 amplificavit.

233 2184 296 2225 [37]
329 2176 451 2219 Latos
482 2175 689 2217 reddidisti
719 2190 880 2232 gressus
911 2191 1032 2226 meos,

329 2259 382 2302 Ut
412 2259 478 2301 tali
510 2261 585 2301 mei
617 2273 697 2301 non
730 2260 923 2301 vacillent.
963 2286 1009 2291 —

752 2353 866 2388 Stropne
888 2353 912 2381 6.

231 2435 295 2476 [38]
327 2426 548 2484 Persequar
578 2440 687 2468 meos
719 2426 854 2468 hostes
886 2435 1006 2484 atque
1038 2441 1237 2485 assequar,

326 2509 408 2552 Nec
437 2512 513 2552 nisi
546 2508 731 2552 consectis
765 2511 839 2552 illis
872 2520 1057 2552 revertar.

231 2606 292 2641 [39]
324 2595 383 2637 Ita
415 2608 482 2637 eos
514 2596 742 2652 percutiam,
776 2602 821 2636 ut
852 2609 1012 2651 surgere
1042 2603 1251 2652 nequeant,

327 2677 594 2720 Succumbent
624 2677 792 2735 pedibus
823 2680 933 2719 meis.

242 2773 304 2808 [40]
334 2761 434 2804 Nam
465 2770 510 2804 tu
541 2776 602 2804 me
631 2762 777 2804 robore
808 2761 859 2803 ad
889 2760 990 2802 bella
1022 2760 1192 2819 gerenda
1224 2763 1393 2812 cinxisti,

326 2845 518 2902 Meosque
550 2844 624 2887 suh
655 2845 823 2902 pedibus
856 2847 950 2887 meis
983 2844 1230 2888 adversarios
1261 2849 1527 2903 prostravisti.
