1867 3301
977 186 1078 235 256

282 323 428 380 (Exod.
450 326 539 378 XV,
567 324 651 381 13),
684 335 730 369 ut
760 328 799 368 vi
832 326 999 384 quadam
1030 342 1102 368 sua
1124 327 1361 385 significaret
1382 342 1575 370 summum
1598 327 1772 371 favorem

283 425 361 468 quo
391 411 543 453 Jehova
572 411 765 453 Israelitas
797 419 1116 468 prosequeretur.
1167 411 1300 453 Talem
1334 411 1487 453 divinae
1518 411 1770 469 benignitatis

282 495 604 551 significationem
636 497 674 536 in
707 494 853 536 Josuae
887 496 1050 535 victoria
1081 503 1239 551 praesto
1273 495 1464 545 adfuisse,
1505 510 1585 537 non
1617 503 1773 552 poterat

282 580 463 634 ignorare
496 587 603 620 vates
643 579 725 628 ille,
770 580 837 635 qui
878 580 990 619 istam
1022 579 1226 619 victoriam
1266 577 1497 620 celebrabat.
1559 577 1644 620 Jam
1676 593 1770 619 vero

282 670 412 703 exstat
440 661 620 703 Psalmus
655 658 935 716 (CXXXVI),
978 663 1017 702 in
1058 675 1137 718 quo
1178 662 1322 719 singuli
1365 677 1500 703 versus
1540 664 1578 703 in
1613 661 1772 703 eandem

282 745 487 787 formulam
522 745 723 787 desinunt:
762 745 923 794 scilicet,
958 724 1090 786 utrum
1123 760 1260 787 sensus
1292 745 1558 802 praecedentis
1591 745 1771 786 versiculi

283 829 488 870 absolutus
512 838 588 879 est,
623 844 670 870 an
693 828 954 886 imperfectus,
988 828 1090 869 illico
1114 828 1341 884 subjicitur:
1373 824 1502 888 ἼἾᾮῌ
1523 811 1686 896 Ε’ἽΤἾὮῙἾ
1708 831 1769 889 ᾚ,

284 928 396 954 »nam
436 912 656 970 benignitas
696 913 779 968 ejus
823 909 871 965 (i.
901 926 932 953 e.
965 908 1164 964 Jehovae)
1205 920 1264 953 est
1301 892 1496 954 aeterna«
1562 891 1772 968 Ceteroqui

282 999 353 1038 iste
386 996 565 1037 Psalmus
606 1011 692 1037 cum
734 1010 779 1036 eo
818 997 885 1051 qui
918 996 1048 1036 statim
1080 994 1277 1051 praecedit
1307 997 1347 1036 in
1380 995 1605 1037 collectione
1636 1003 1772 1037 nostra

281 1089 359 1122 tam
392 1082 431 1121 in
465 1080 600 1121 ordine
633 1081 934 1128 sententiarum,
970 1093 1085 1135 quam
1118 1081 1158 1119 in
1180 1077 1392 1120 verborum
1419 1088 1535 1136 atque
1559 1081 1771 1136 imaginum

284 1163 434 1205 delectu
479 1165 620 1204 mirum
666 1165 706 1204 in
750 1162 910 1204 modum
959 1163 1153 1219 congruit.
1219 1160 1500 1204 Concludimus
1539 1164 1660 1219 igitur
1696 1162 1771 1203 hos

282 1247 460 1288 Psalmos
500 1262 522 1288 a
564 1248 758 1288 communi
800 1245 970 1303 quodam
1008 1245 1116 1287 fonte
1149 1245 1347 1299 deriyatos
1381 1261 1476 1288 esse.
1542 1245 1649 1300 Quae
1681 1261 1772 1288 sane

285 1333 419 1387 opinio
462 1345 507 1372 eo
549 1330 822 1379 confirmatur,
865 1328 974 1386 quod
1013 1331 1124 1385 prior
1153 1329 1333 1371 Psalmus
1374 1329 1556 1386 frequens
1588 1338 1647 1371 est
1676 1330 1772 1371 locis

284 1414 440 1455 aliunde
473 1413 702 1470 desumptis.
751 1412 850 1454 Nam
881 1421 926 1454 ut
957 1421 1103 1454 taceam
1137 1428 1174 1453 v.
1202 1411 1238 1462 1,
1264 1412 1310 1463 23
1345 1410 1393 1463 63
1430 1411 1482 1454 15
1505 1427 1591 1469 sqq.
1625 1414 1692 1469 qui
1723 1427 1773 1455 ex

283 1497 427 1539 Psalm.
461 1495 681 1546 CXXXIV,
710 1495 746 1546 1,
771 1496 820 1546 23
863 1495 985 1546 CXV,
1011 1495 1058 1547 33
1101 1495 1224 1546 CXV,
1248 1495 1276 1537 4
1298 1509 1406 1553 sqq.;
1447 1496 1609 1538 ’totidem
1642 1495 1772 1537 verbis

283 1589 535 1638 repetuntur,
581 1596 617 1621 v.
644 1580 682 1630 7,
724 1582 791 1637 qui
832 1579 881 1621 ad
912 1579 1052 1621 Jerem.
1075 1579 1134 1629 X,
1162 1579 1228 1621 13.
1269 1579 1334 1629 LI,
1365 1578 1416 1621 16
1454 1579 1588 1621 referri
1619 1587 1771 1636 potest3

283 1663 473 1706 habemus
494 1666 535 1704 in
553 1679 589 1704 V.
607 1662 660 1704 14
682 1665 904 1704 citationem
928 1664 1106 1704 carminis
1124 1662 1330 1704 Jasharani
1349 1659 1482 1715 (Deut.
1499 1662 1664 1713 XXXII,
1684 1659 1770 1716 36),

285 1756 323 1789 et
358 1750 397 1789 in
428 1747 494 1789 Ps.
520 1746 746 1797 CXXXVI,
774 1745 847 1796 12,
888 1748 1055 1788 recurrit
1092 1746 1246 1802 phrasis
1287 1746 1370 1796 illa,
1415 1760 1513 1803 quae
1546 1748 1700 1802 saepius
1732 1748 1772 1787 in

284 1831 550 1873 Pentateucho
583 1839 812 1887 usurpatur,
845 1838 891 1871 ut
922 1831 961 1870 in
993 1829 1219 1879 Deuevll,
1248 1827 1313 1871 19.
1369 1829 1455 1870 Jam
1489 1844 1594 1880 vero,
1628 1838 1675 1871 ut
1693 1829 1773 1871 Da-

284 1915 391 1956 thius
430 1923 583 1964 monet,
631 1915 902 1955 convenientia
943 1915 1162 1970 argumenti
1201 1912 1406 1970 probabile
1446 1912 1537 1955 facit
1574 1913 1772 1954 Psalmum

286 1997 494 2040 CXXXVI
532 2000 571 2038 in
611 1997 840 2038 fundatione
878 1996 1038 2038 secundi
1079 1996 1213 2053 templi
1255 1995 1474 2037 adhibitum
1512 2011 1614 2046 esse,
1664 1995 1773 2052 quod

285 2082 462 2123 nonnulli
494 2083 660 2122 maxime
684 2096 733 2123 ex
753 2081 840 2122 Esr.
864 2080 930 2130 ΙΙΙ,
954 2079 1002 2122 11
1040 2080 1247 2136 colligunt,
1282 2079 1351 2121 ubi
1373 2088 1574 2121 narratur:
1605 2079 1774 2121 reduces

287 2165 453 2206 alternis
491 2164 623 2206 choris
654 2164 854 2206 Jehovam
892 2164 1100 2217 laudasse,
1142 2163 1255 2220 quod
1288 2163 1416 2205 bonus
1446 2164 1498 2204 sit
1527 2170 1773 2219 aeternaque

284 2249 328 2290 in
351 2247 559 2290 Israelitas
591 2248 856 2303 ὂεηῖφιὶίαΐθς
890 2262 988 2304 quae
1020 2249 1105 2304 ipsa
1138 2246 1306 2288 formula
1338 2255 1413 2296 cst,
1449 2248 1485 2287 in
1520 2259 1597 2302 qua
1629 2245 1771 2302 singuli

285 2331 405 2387 hujus
437 2331 580 2372 Psalmi
612 2345 749 2371 versus
792 2330 995 2380 desinunt,
1038 2344 1114 2387 qua
1149 2329 1462 2386 respondebatur
1494 2329 1604 2370 alteri
1635 2328 1769 2378 chor0‚

284 2417 394 2471 prius
426 2414 699 2456 hemistichion
732 2415 932 2455 accinenti.
983 2412 1090 2466 Quae
1123 2415 1154 2454 si
1187 2415 1240 2454 ita
1272 2421 1383 2462 sunt,
1417 2414 1449 2453 si
1478 2412 1635 2453 Levitae
1666 2410 1771 2452 hunc

285 2498 483 2539 Psalmum
522 2496 780 2539 decantabant
818 2497 867 2538 ad
899 2495 1164 2538 celebrandam
1197 2498 1372 2537 iteratam
1403 2497 1618 2552 promissae
1650 2495 1772 2550 patri-

285 2580 360 2623 bus
394 2590 516 2623 terrae
546 2582 857 2638 possessionem,
891 2580 987 2637 quid
1009 2579 1269 2628 verisimilius,
1304 2593 1420 2635 quam
1443 2594 1509 2620 eos
1533 2579 1644 2635 quasi
1666 2576 1769 2618 ultro

286 2667 506 2721 respexisse
539 2665 588 2706 ad
620 2665 722 2706 illam
743 2664 889 2706 Josuae
921 2665 1123 2704 victoriam
1156 2677 1234 2703 non
1267 2662 1382 2719 longe
1415 2661 1462 2702 ab
1485 2660 1770 2716 Hierosolymis

286 2757 457 2805 partam,
505 2763 583 2805 qua
620 2750 746 2805 prima
786 2756 925 2789 certam
966 2746 1039 2788 sibi
1078 2745 1207 2786 sedem
1247 2744 1510 2786 vindicassent
1546 2741 1771 2785 IsraelitaeP

285 2831 337 2873 Et
368 2833 552 2888 quoniam
584 2840 678 2873 tunc
710 2830 890 2872 exstabat
919 2829 1135 2871 Jasharana
1168 2828 1230 2869 illa
1263 2830 1414 2878 ovatio,
1455 2827 1550 2884 quid
1581 2827 1771 2867 verisimi-

285 2914 375 2965 lius,
411 2929 525 2971 quam
559 2929 626 2956 eos
658 2914 747 2956 inde
781 2913 1044 2970 desumpsisse
1076 2920 1192 2970 atque
1224 2913 1263 2953 in
1295 2926 1390 2954 suos
1411 2925 1509 2953 usus
1531 2910 1769 2952 convertisse
