1867 3301
922 174 1019 222 152

462 315 542 359 Nec
572 332 654 359 non
684 317 915 375 peregrinus
947 324 1038 358 tuae
1071 314 1176 358 domi
1211 315 1368 373 degens,

464 400 515 443 Ut
537 416 673 442 servus
696 409 789 442 tuus
812 408 850 443 et
871 399 1020 450 ancilla,
1048 414 1170 456 aeque
1193 415 1235 441 ae
1256 409 1298 441 tu
1323 402 1420 456 ipse,
1454 403 1711 458 requiescant,

220 496 346 524 Deut.V.
368 495 431 534 [15]
462 486 596 541 Atque
618 493 663 525 ut
679 485 897 525 memineris
915 492 952 525 te
970 498 1128 540 quoque
1147 498 1303 526 servum
1319 484 1439 526 fuisse
1456 487 1496 526 in
1512 485 1711 543 Aegypto,

463 568 543 610 Sed
572 576 609 610 te
632 567 722 609 inde
745 567 928 609 eduxisse
949 567 1141 609 Jehovam
1162 567 1288 609 Deum
1310 577 1424 609 tuum
1445 584 1564 611 manu
1585 569 1713 612 valida

1004 660 1042 693 et
1073 660 1228 693 exserto
1262 651 1438 702 brachio,

463 736 514 777 Et
544 744 755 793 propterea
787 735 961 777 voluisse
994 744 1039 777 ut
1071 735 1171 778 diem
1203 739 1388 793 requietis
1422 735 1664 780 observares.

943 819 992 860 V.

367 913 430 953 [16]
462 904 626 946 Honora
656 912 806 961 patrem
838 912 951 946 tuum
984 919 1027 945 ae
1058 913 1240 955 matrem,
1283 907 1385 946 sicut
1414 907 1612 962 praecepit
1641 905 1712 948 tibi

1001 987 1156 1030 Jehova
1186 988 1293 1030 Deus
1326 997 1432 1039 tuus,

464 1069 516 1114 Ut
555 1070 624 1113 diu
655 1073 765 1114 vivas
806 1080 844 1114 et
877 1071 975 1114 bene
1006 1070 1078 1114 tibi
1113 1074 1163 1114 sit
1193 1074 1234 1113 in
1264 1081 1369 1116 terra
1400 1088 1517 1131 quam
1546 1072 1618 1116 tibi
1648 1073 1713 1116 Ille

1003 1155 1167 1198 daturus
1201 1165 1272 1199 est.

936 1237 1003 1281 VI.

369 1330 432 1371 [1¹1]
464 1321 523 1364 Ne
556 1322 710 1366 caedem
745 1325 976 1365 committas.

925 1407 1006 1449 VH.

368 1499 431 1538 [18]
464 1489 571 1532 Neve
603 1490 831 1532 moecheris.

916 1574 1014 1616 VIII.

368 1667 431 1706 [19]
463 1657 570 1700 Neve
602 1657 751 1700 furtum
783 1657 915 1700 facias.

927 1741 995 1783 IX.

367 1834 431 1874 [20]
463 1824 569 1868 Neve
608 1824 749 1868 falsum
795 1825 1002 1883 perhibeas
1050 1828 1318 1869 testimonium
1365 1826 1415 1869 ad
1454 1828 1613 1869 alterius
1654 1830 1714 1870 in-

996 1911 1156 1966 juriam.

937 1993 989 2035 X.

369 2089 432 2130 [21]
465 2079 523 2122 Ne
556 2080 810 2136 concupiscas
843 2077 1002 2120 alterius
1035 2092 1222 2129 uxorem3

464 2163 571 2206 Neve
604 2171 765 2220 appetas
799 2162 959 2204 domum
991 2163 1150 2204 alterius
1183 2171 1252 2205 aut
1282 2178 1438 2221 agrum,

464 2247 549 2289 Aut
579 2262 736 2288 servum
768 2255 837 2288 aut
867 2247 1043 2288 ancillam
1075 2255 1144 2288 aut
1173 2246 1316 2289 bovem
1348 2256 1416 2290 aut
1447 2249 1621 2298 asinum,

465 2332 549 2374 Aut
580 2332 692 2372 aliam
725 2332 903 2387 quamvis
937 2331 1020 2385 ejus
1053 2333 1390 2387 possessionem«

369 2425 433 2465 [22]
464 2417 569 2459 Haec
599 2414 720 2457 verba
750 2415 906 2457 locutus
939 2422 998 2455 est
1025 2413 1177 2455 Jehova
1210 2414 1259 2456 ad
1290 2416 1511 2456 universam
1544 2424 1712 2459 vestram

935 2499 1161 2539 concionem

465 2585 573 2627 Voce
595 2598 735 2641 magna
757 2598 807 2625 ex
827 2590 970 2632 monte,
1000 2597 1019 2623 e
1040 2580 1167 2622 medio
1191 2583 1291 2639 igne,
1326 2581 1442 2632 nube,
1478 2591 1516 2624 et
1537 2583 1709 2641 caligine.

467 2669 526 2711 Ac
542 2668 637 2710 nihil
654 2668 820 2726 amplius
838 2668 976 2711 effatus
995 2674 1064 2716 ost,
1087 2665 1156 2706 sed
1172 2665 1267 2707 haec
1285 2665 1437 2707 duabus
1455 2665 1597 2709 tabulis
1614 2667 1712 2724 13ῥὶ-

933 2750 1013 2791 deis
1043 2750 1259 2805 insculpsit,
1291 2765 1388 2807 quas
1419 2751 1514 2793 mihi
1534 2751 1708 2794 tradidit.
