1867 3301
122 318 315 359 tuantium
354 316 544 357 fluctuum
579 316 835 371 jactationes,
879 330 966 356 arca
998 314 1070 357 Dei
1109 316 1263 358 demum
1296 319 1334 358 in
1369 317 1616 374 tranquillam

120 413 492 456 permansuramque
521 398 662 449 sedem,
695 401 807 456 quasi
840 401 877 439 in
910 413 1048 440 securo
1080 408 1219 456 portu,
1261 413 1460 456 egressum
1492 399 1616 442 facere

121 481 340 533 videbatur,
375 484 455 532 hic,
490 485 670 539 inquam,
705 481 773 523 ubi
796 482 902 523 Deus
936 490 1120 539 tanquam
1148 497 1332 538 praesens
1353 482 1615 525 Israelitarum

120 575 298 608 servator
336 565 518 607 laudibus
559 566 782 615 extollitur,
823 566 887 607 illa
927 566 1034 607 electi
1067 566 1208 622 populi
1239 568 1436 607 restitutio
1471 565 1616 608 descri-

118 649 237 700 bitur,
273 665 353 691 non
385 649 503 690 modo
538 659 718 706 respectu
753 649 886 690 habito
911 649 960 690 ad
982 651 1203 706 proximam
1225 649 1463 690 Basanitidis
1486 651 1616 706 regio-

119 749 224 784 nem,
258 733 326 775 ubi
349 736 509 774 summis
532 733 713 789 periculis
738 732 1034 782 confla-tabant,
1067 732 1169 774 unde
1193 735 1305 774 etiam
1328 734 1614 775 recentissimae

117 816 383 859 Moabitarum
424 819 756 873 conspirationes,
800 818 981 873 proxime
1014 819 1170 857 venturi
1203 815 1413 872 Syriorum
1446 818 1614 873 impetus

117 900 410 951 minitabantur,
445 901 512 942 sed
546 903 661 942 etiam
693 903 733 942 in
764 915 903 958 genere
936 908 1121 956 tanquam
1147 902 1179 939 si
1202 902 1349 956 puppis
1371 915 1494 956 paene
1516 914 1614 942 nau-

118 985 227 1042 fraga
259 984 327 1026 diu
350 987 569 1042 quaesitum
592 993 751 1041 portum
774 983 928 1025 sortiter
951 991 1172 1039 occuparet.
1212 982 1311 1024 Nam
1334 998 1414 1024 vox
1437 969 1613 1050 ΠῘᾟΕᾩ,

116 1077 163 1110 ut
193 1077 231 1110 et
260 1068 420 1110 brevior
452 1068 575 1110 forma
609 1052 745 1137 Πξῆἷς,
780 1067 1025 1109 ferocientem
1060 1068 1174 1107 maris
1197 1068 1393 1123 gurgitem
1416 1067 1475 1108 vel
1498 1046 1615 1109 vora-

117 1154 245 1210 ginem
277 1152 456 1202 denotat,
492 1155 523 1193 si
556 1152 605 1193 ad
636 1152 850 1194 Arabicum
889 1146 993 1206 δᾴς,
1036 1151 1197 1203 saeviit,
1232 1149 1434 1207 confugis3
1471 1153 1531 1192 sin
1565 1150 1615 1192 ad

117 1235 284 1278 radicem
317 1219 438 1304 ‘7¹73’
472 1237 646 1278 tenebris
667 1237 930 1278 obumbratus
952 1242 1019 1287 est,
1053 1242 1218 1290 spectas,
1252 1234 1444 1291 intelliges
1468 1231 1615 1288 ἔρεβος

117 1317 302 1375 ὕφαλον,
336 1320 446 1377 quod
477 1328 584 1361 tanta
608 1322 644 1360 vi
679 1319 864 1361 describit
886 1318 1105 1375 Sophocles
1130 1314 1283 1374 (Antig.
1307 1315 1430 1370 585):
1465 1315 1615 1372 ὁμοῖον

118 1401 222 1444 ὥστε
245 1402 376 1457 οἶδμα
398 1401 503 1445 ὅταν
534 1401 719 1458 ἔρεβος
750 1402 963 1459 ὕφαλον
985 1400 1213 1460 ἐπιδράμῃ,
1248 1399 1438 1442 κυλίνδει
1457 1400 1613 1456 βυσσό-

117 1487 201 1528 θεν
240 1484 499 1529 κελαινὰν
537 1489 648 1529 θῖνα
687 1489 757 1529 καὶ
805 1485 1121 1539 δυσάνεμον.
1183 1484 1263 1527 Sed
1303 1485 1497 1542 quidquid
1534 1493 1614 1527 sta-

117 1573 238 1612 tueris
271 1570 317 1612 de
347 1573 456 1612 vocis
490 1580 641 1628 etymo,
675 1572 789 1628 plane
821 1570 1082 1627 significatum
1114 1568 1234 1611 habes
1267 1584 1462 1612 summum
1496 1570 1612 1610 maris

116 1653 293 1712 naufragi
326 1655 542 1711 periculum
575 1652 639 1708 (cf.
661 1655 804 1696 Psalm.
831 1653 955 1703 CVII,
990 1669 1056 1694 vv.
1081 1650 1288 1706 23—32).

235 1754 272 1779 v.
298 1737 367 1780 24.
402 1738 490 1780 vide
523 1738 572 1780 ad
602 1737 720 1780 Num.
742 1737 890 1787 XXIV,
915 1737 954 1779 8.
989 1751 1109 1793 supra
1140 1752 1180 1792 p.
1205 1735 1303 1778 217.

235 1837 271 1861 v.
296 1820 366 1862 27.
399 1821 488 1862 vide
520 1821 571 1868 ad
601 1822 718 1863 Dent.
741 1820 931 1870 XXXIII,
957 1819 1026 1862 28.
1060 1835 1180 1876 supra
1212 1835 1252 1876 p.
1277 1818 1375 1861 231.

235 1920 272 1945 v.
297 1903 365 1946 31.
414 1904 471 1946 De
503 1904 579 1946 hoc
612 1919 748 1954 versu,
784 1918 898 1961 quem
924 1903 1145 1960 complures
1170 1905 1292 1944 critici
1314 1904 1612 1945 vexatissimum

115 1992 370 2038 invenerunt,
413 1988 506 2029 mihi
547 1988 702 2045 quidem
744 1988 849 2029 nulla
893 1996 951 2029 est
990 1987 1199 2028 dubitatio.
1262 1987 1304 2027 ln
1341 1988 1476 2043 primis
1511 1987 1613 2027 enim

115 2073 250 2115 leones
289 2080 326 2113 et
365 2072 483 2114 boves
513 2071 749 2114 Basaniticz'
789 2072 847 2113 vel
880 2072 998 2113 boves
1030 2071 1173 2128 buffeli
1211 2072 1265 2111 ita
1296 2070 1541 2111 inducuntur
1571 2071 1612 2112 in

116 2155 350 2199 carminibus
372 2154 586 2205 Hebraicis,
620 2164 665 2197 ut
695 2156 822 2213 figura
855 2154 1022 2212 quadam
1047 2153 1270 2196 describant
1289 2156 1467 2195 inimicos
1490 2168 1612 2210 quos-

115 2243 174 2282 vis
205 2248 386 2297 potentes
420 2255 462 2280 ac
494 2239 698 2296 malignos,
737 2239 855 2296 idque
888 2240 1139 2296 conjunctim.
1201 2238 1384 2294 Exempli
1415 2240 1541 2295 gratia
1571 2239 1611 2279 in

116 2324 270 2366 Psalmo
293 2323 424 2372 XXII,
459 2337 573 2380 quem
596 2321 786 2364 Servator
817 2325 900 2379 ipse
933 2322 1115 2363 adhibuit
1147 2321 1196 2362 ad
1229 2336 1320 2363 suas
1343 2323 1519 2364 miserias
1542 2335 1611 2363 ex-

114 2407 349 2465 primendas,
382 2407 443 2449 bis
478 2408 647 2448 occurrit
679 2407 773 2448 haee
804 2406 1008 2448 translatio
1042 2420 1106 2446 vV.
1136 2403 1298 2454 13,14;

460 2492 786 2531 Circumdederunt
807 2504 864 2529 me
881 2491 1033 2540 juvenci
1054 2490 1171 2536 multi,

457 2566 484 2604 F
490 2577 613 2602 croces
634 2566 786 2602 Basauis
808 2565 902 2601 tauri
924 2576 981 2600 me
1005 2564 1209 2600 cinxerunt.

456 2638 691 2686 Aperuerunt
714 2643 840 2673 eontra
861 2647 918 2672 me
941 2647 981 2672 os
1004 2646 1122 2680 suum,

459 2709 651 2757 Tanquam
674 2709 729 2746 leo
751 2708 895 2758 rapiens
919 2713 953 2744 et
974 2707 1134 2756 rugiens.

115 2783 248 2842 Atque
280 2785 421 2826 iterum
454 2799 490 2824 v.
515 2783 591 2825 22:

459 2863 574 2900 Serva
594 2874 652 2900 me
675 2875 696 2899 a
718 2862 883 2900 saucibus
905 2863 1032 2905 leonis,

459 2935 494 2972 A
516 2934 687 2972 cornibus
707 2934 813 2972 bovis
836 2934 961 2971 buss'eli
983 2946 1041 2971 me
1064 2933 1228 2972 defende.
