1867 3301
987 215 1074 247 XVI

1697 288 1770 310 mc..

284 340 488 374 Jasbaranae
514 338 683 385 relligioni
711 343 876 383 quatenus
903 343 1067 384 repugnet
1086 337 1241 373 Lamechi
1268 338 1479 373 eantilena?.
1532 366 1536 372 ,
1588 367 1593 372 .
1646 367 1651 373 .
1704 339 1772 376 130

284 411 507 456 Explicantur
534 422 632 444 voces
660 412 785 444 Betlaeel
810 414 841 443 et
867 411 995 443 Peniel
1013 435 1653 444 ............
1705 411 1772 446 130

286 482 464 528 Oppositio
490 483 577 516 inter
601 481 766 516 Adamum
795 486 827 514 et
852 479 1009 514 Israelem
1069 506 1593 515 ..........
1610 457 1619 467 ¹
1645 508 1651 514 .
1703 481 1770 517 132

752 604 799 641 IN
830 604 1033 641 PARTEM
1065 603 1297 641 TERTIAM.

283 695 409 730 Diluvii
436 693 607 729 Noachani
635 694 835 741 significatio
865 694 986 740 triplex
1012 721 1649 730 ............
1705 696 1768 732 135

283 767 308 801 I.
341 766 467 800 Verum
498 767 569 800 sive
603 765 802 800 historicum
837 765 1002 800 diluvium
1036 767 1074 800 ad
1109 772 1216 800 totum
1245 773 1407 801 terrarum
1435 768 1549 802 orbem
1577 780 1651 813 per-

329 839 433 871 tinere
460 849 527 870 non
554 838 666 882 potuit
722 863 1650 872 .................
1703 837 1769 874 136

281 908 325 942 ΙΙ.
356 908 511 942 Nominis
538 907 589 955 [η’
617 907 816 954 significatio
834 934 1649 943 ...............
1702 909 1769 944 137

283 978 462 1021 Quomodo
490 978 553 1012 hoc
579 990 701 1013 nomen
728 979 769 1012 ad
797 977 1015 1013 Solomonem
1042 980 1204 1024 pertineat
1239 1006 1650 1014 ........
1702 980 1769 1017 138

280 1050 366 1084 Arca
391 1049 517 1084 Noachi
545 1054 578 1083 et
603 1061 676 1083 arca
701 1049 848 1084 foederis
877 1049 992 1084 eodem
1021 1050 1073 1084 die
1100 1050 1252 1094 ejusdem
1274 1052 1399 1085 mensis
1420 1063 1520 1096 super
1538 1057 1651 1085 monte

329 1122 574 1166 conquiescunt
608 1147 1650 1155 ...................
1701 1122 1770 1158 138

280 1193 408 1227 Vocem
435 1198 528 1250 Πέζῇ
556 1192 756 1237 Aegyptiam
783 1203 857 1226 esse
892 1216 1649 1226 ..............
1702 1193 1768 1228 140

279 1264 381 1298 Varie
408 1268 600 1309 congruunt
623 1262 750 1296 Noachi
777 1268 808 1296 et
834 1261 1063 1296 Israelitarum
1090 1262 1182 1297 salus
1240 1289 1649 1297 ........
1702 1264 1769 1299 140

279 1335 486 1381 Argumenta
513 1345 552 1368 ex
578 1334 740 1378 temporis
767 1334 941 1368 notatione
957 1360 1649 1368 .............
1703 1335 1765 1371 141

280 1406 342 1440 III.
380 1404 506 1439 Paulus
541 1410 572 1438 et
606 1404 726 1438 Petrus
758 1409 925 1438 testantur
956 1404 1083 1438 Noachi
1117 1404 1282 1439 diluvium
1321 1410 1384 1438 tam
1420 1405 1649 1441 Israelitarum

326 1475 487 1511 Exodum
515 1487 612 1521 quam
640 1474 911 1509 Christianorum
938 1476 1147 1521 Baptismum
1176 1476 1363 1522 significare
1389 1488 1491 1522 posse
1526 1504 1533 1510 .
1586 1505 1591 1510 .
1642 1505 1649 1511 .
1701 1477 1767 1514 143

281 1547 382 1584 Salus
409 1558 456 1581 em
482 1558 568 1592 aqua
595 1546 767 1592 quomodo
796 1558 869 1580 cum
898 1546 1005 1580 salute
1031 1557 1101 1590 per
1126 1558 1246 1592 aquam
1275 1546 1452 1592 conjuncta
1479 1548 1546 1582 sit?
1584 1575 1590 1581 .
1641 1575 1647 1581 .
1700 1548 1766 1584 143

281 1620 483 1653 Graecorum
510 1619 671 1665 mysteria
699 1617 779 1663 quid
807 1618 869 1651 sibi
897 1617 1045 1652 vellent?
1068 1644 1647 1652 ...........
1701 1619 1767 1654 144

278 1691 473 1736 Baptismus
501 1689 713 1735 quadruplex
776 1715 1014 1722 .....
1058 1731 1062 1733 ῃ
1065 1715 1647 1724 ...........
1701 1691 1767 1726 144

281 1762 423 1796 Graecae
450 1760 648 1795 traditiones
677 1760 716 1795 de
744 1759 852 1803 salute
877 1770 946 1803 per
972 1771 1091 1805 aquam
1124 1765 1156 1794 et
1180 1771 1225 1794 ex
1252 1762 1347 1807 aquis
1375 1762 1610 1807 consequenda
1641 1789 1647 1795 .
1699 1762 1766 1797 145

279 1833 501 1879 Regeneratio
529 1844 603 1865 cum
631 1831 893 1866 sanctificatione
920 1843 986 1865 non
1015 1837 1065 1865 est:
1090 1831 1309 1876 permutanda
1354 1859 1647 1867 ......
1699 1833 1766 1869 146

278 1905 421 1938 Error-es
450 1903 662 1949 quorundam
690 1903 729 1937 de
757 1903 959 1937 dictionibus
987 1905 1156 1947 ecclesia,
1182 1907 1433 1950 reyeneratzo,
1458 1907 1588 1940 salus.
1641 1932 1647 1938 .
1699 1904 1765 1940 147

280 1974 456 2020 Cujusque
483 1974 638 2009 vocabuli
664 1979 730 2008 tam
757 1975 848 2020 prior
875 1979 941 2015 est,
970 1985 1068 2019 quam
1097 1974 1238 2008 ulterior
1265 1974 1464 2021 significatio
1525 2002 1531 2008 .
1582 2002 1588 2008 .
1641 2002 1646 2007 .
1699 1975 1765 2010 147

281 2047 464 2081 Transitus
491 2058 507 2080 a
534 2046 631 2081 tertia
656 2044 697 2080 ad
725 2050 877 2091 quartam
903 2045 1034 2079 Partem
1062 2072 1645 2079 ...........
1698 2045 1764 2082 149

740 2169 788 2205 IN
819 2168 1021 2206 PARTEM
1054 2168 1303 2211 QUARTAM.

278 2261 418 2296 Librum
444 2259 698 2294 Deuteronomii
731 2259 999 2304 antiquissimam
1027 2259 1243 2293 Pentateuchi
1276 2261 1446 2294 materiem
1477 2261 1646 2294 continere
1698 2258 1764 2294 158

279 2332 305 2366 1.
338 2332 438 2366 Liber
463 2331 672 2365 Jasharanus
698 2335 872 2376 praecepta
898 2341 983 2376 quae
1011 2335 1172 2364 vocantur
1198 2329 1336 2364 moralia
1366 2331 1556 2365 necessario
1585 2341 1644 2365 ex-

325 2402 461 2436 hibebat
487 2427 1643 2435 .....................
1696 2401 1764 2437 158

278 2474 322 2508 11.
355 2473 473 2507 Ethica
499 2472 575 2506 libri
601 2472 856 2507 Deuteronomii
882 2471 1014 2507 indoles
1060 2498 1644 2505 ...........
1695 2472 1763 2508 158

278 2544 339 2578 111.
372 2544 499 2578 Michas
526 2544 688 2589 propheta
713 2543 841 2578 multus
869 2548 920 2578 est
944 2544 978 2577 in
1003 2543 1267 2577 Deuteronomio
1295 2543 1426 2577 citando
1465 2569 1470 2576 .
1522 2569 1528 2576 .
1581 2568 1589 2576 .
1638 2569 1643 2575 .
1695 2542 1762 2578 159

278 2615 371 2649 Libri
397 2615 652 2649 Deuteronomii
685 2614 787 2650 editio
821 2616 974 2661 princeps
1001 2615 1034 2648 in
1061 2613 1259 2649 collectione
1284 2614 1468 2649 Jasharana
1495 2613 1644 2648 include-

326 2686 423 2719 batur
487 2711 1644 2719 .....................
1695 2684 1762 2721 160

278 2757 337 2792 IV.
369 2757 472 2791 Jesus
505 2757 576 2802 ipse
609 2758 745 2791 nonnisi
777 2757 1096 2799 Deuteronomium,
1128 2762 1166 2791 ut
1190 2736 1356 2792 Mosaicae
1386 2756 1471 2803 legis
1504 2755 1643 2800 fontem,

326 2829 465 2875 agnovit
491 2853 1642 2861 .....................
1693 2826 1760 2862 163

278 2899 408 2934 Nomen
433 2901 762 2934 Deuteronomimn
788 2899 868 2944 quid
896 2898 1085 2946 significet?
1120 2925 1126 2932 .
1177 2925 1183 2932 .
1234 2925 1270 2938 .,
1292 2924 1642 2932 .......
1692 2897 1759 2933 164
