1867 3301
662 844 1125 910 PRAEFATIO.

150 1126 295 1206 Quae
328 1166 395 1196 me
432 1165 592 1196 causae
618 1149 866 1210 impulerint
891 1149 944 1193 ad
972 1148 1054 1193 hoe
1082 1162 1193 1208 opus
1221 1146 1565 1207 suscipiendum,
1603 1153 1645 1191 et

149 1256 235 1300 qua
269 1256 346 1300 spe
380 1240 617 1300 perductus
655 1247 695 1284 et
731 1246 1008 1284 sustentatus
1044 1238 1176 1283 talem
1210 1237 1404 1281 laborem
1434 1239 1545 1281 inter
1578 1243 1645 1281 tot

149 1330 257 1375 alias
295 1332 602 1391 occupationes
642 1329 978 1383 exantlaverim,
1014 1331 1055 1372 in
1083 1328 1405 1388 Prolegomenis
1437 1329 1546 1372 satis
1576 1326 1644 1370 (le-

149 1420 325 1465 elaravi.
378 1420 461 1464 Sed
496 1420 579 1464 alia
617 1427 720 1464 sunt
756 1434 865 1479 quae
901 1419 1105 1463 lectorem
1140 1419 1183 1461 in
1215 1419 1311 1477 ipso
1340 1417 1484 1462 limine
1509 1418 1644 1461 moni-

151 1518 241 1554 tum
267 1511 397 1555 velim
425 1517 466 1554 et
492 1525 601 1570 quae
627 1509 884 1570 praefationi
912 1508 1179 1554 reservanda
1206 1507 1417 1552 duxerim.

267 1601 330 1645 Ae
357 1602 544 1661 primum
572 1600 741 1660 quidem
770 1600 818 1645 de
845 1601 1012 1644 ratione
1039 1615 1089 1644 ae
1116 1597 1256 1643 forma
1283 1599 1439 1658 operis.

264 1691 380 1735 lnter
404 1691 639 1745 Israefflas,
669 1706 814 1750 quum,
842 1697 1050 1750 1,·eg11311te
1078 1689 1321 1744 Solomone,
1351 1689 1567 1742 diuturna,
1595 1692 1645 1731 ut

149 1779 391 1835 videbatur,
427 1796 533 1841 paee
570 1788 611 1826 et
644 1780 769 1825 bonis
799 1780 999 1825 omnibus
1028 1779 1285 1824 fruebantur
1310 1779 1369 1823 illi
1397 1778 1467 1823 (liu
1486 1778 1645 1838 jactati

149 1886 199 1915 ae
233 1873 385 1916 vexati
420 1871 716 1926 Jehovicolae,
761 1871 930 1916 litteras
966 1871 1164 1930 viguisse
1202 1877 1243 1914 et
1275 1871 1401 1914 varia
1433 1867 1644 1912 libroruin

150 1976 308 2021 genera
334 1960 494 2021 publici
516 1961 630 2022 juris
660 1976 756 2006 esse
782 1961 922 2016 faeta,
960 1968 1001 2005 et
1025 1962 1183 2005 rationi
1211 1967 1549 2004 consentaneum
1577 1965 1644 2002 est

151 2051 319 2095 eredere
347 2059 388 2096 et
415 2052 524 2096 satis
546 2059 733 2096 constat.
769 2051 878 2095 Nam
904 2058 954 2095 ut
975 2050 1437 2109 aliorum·seriptiones
1458 2056 1641 2103 taceam,

151 2140 292 2185 adhue
329 2147 509 2185 exstant
543 2139 661 2185 haud
691 2155 832 2200 pauca
860 2154 1011 2199 opera,
1049 2154 1158 2199 quae
1184 2140 1277 2199 regi
1302 2140 1386 2199 ipsi
1413 2140 1642 2199 sapientis-

151 2232 260 2275 siino
295 2229 558 2275 tribuuntur.
615 2230 810 2274 Fuerunt
846 2237 989 2274 autem
1028 2237 1253 2289 praeterea
1289 2229 1565 2290 genealogiae
1602 2236 1643 2273 et

151 2327 279 2380 gesta
315 2319 686 2380 patriarcharum,
722 2319 803 2364 suit
838 2320 945 2365 liber
981 2320 1030 2364 de
1064 2319 1186 2365 bellis
1215 2319 1429 2375 Jehovae,
1467 2318 1644 2365 fuerunt

151 2425 471 2470 anonymorum
505 2418 734 2470 poetarum
771 2412 940 2455 eantiea
976 2410 1030 2455 ad
1067 2410 1243 2455 eandem
1269 2425 1359 2454 rem
1385 2411 1642 2470 pertinentia

151 2499 292 2555 (Num.
318 2500 437 2555 XXI,
468 2499 571 2557 27),
617 2501 792 2545 suerunt
836 2503 979 2560 epieae
1027 2500 1278 2545 traditiones
1318 2499 1366 2544 de
1401 2499 1640 2553 Judieibus,

149 2591 258 2633 inter
302 2605 411 2649 quas
452 2590 666 2635 Simsonis
712 2590 914 2645 historia,
961 2598 1011 2634 ut
1048 2590 1239 2644 videtur,
1285 2589 1432 2634 multis
1473 2588 1640 2634 salibus

151 2678 321 2724 condita
349 2687 460 2734 erat3
491 2679 688 2739 (lenique,
717 2680 907 2725 Annales
935 2680 1113 2725 Davidis
1142 2678 1558 2724 circumferebantur
1584 2694 1640 2723 ex

151 2768 307 2828 quibus
343 2770 509 2814 Auctor
542 2769 750 2814 librorum
788 2770 1132 2815 Samuelieorum
1166 2784 1372 2829 magnam
1409 2784 1515 2814 suae
1549 2784 1639 2813 ma-

152 2860 282 2903 teriae
325 2866 493 2918 partem
535 2859 733 2904 hauserit
774 2874 953 2905 neeesse
999 2867 1077 2904 est.
1136 2859 1196 2903 At
1240 2861 1348 2904 enim
1386 2874 1489 2903 vero
1530 2858 1638 2903 haee

152 2950 294 2993 onmia
327 2948 554 2994 historiam
588 2952 734 3009 potius
771 2965 899 3009 quam
927 2949 1192 3009 relligionem
1220 2948 1466 3008 sapiebaiila‚
1505 2963 1638 3007 quan-
