1867 3301
845 197 1040 271 ‚maio

240 342 419 397 Pugnam
450 349 578 382 autem
600 343 785 398 imparem
810 339 942 389 fuisse,
976 353 1056 379 non
1079 338 1198 380 modo
1219 348 1384 396 propter
1406 347 1616 389 staturam,
1651 339 1733 389 scd,

243 424 351 481 qnod
381 424 471 481 plus
504 424 677 473 valebat,
720 432 885 481 propter
918 431 1153 464 armaturam
1186 425 1467 480 pugnantium,
1507 431 1639 480 aperte
1671 423 1737 465 dc-

243 508 361 549 clarat
392 510 564 549 narratio
599 510 718 564 cpica,
755 498 960 548 ccibfirmat
981 521 1073 547 vcro
1107 520 1234 547 nexus
1267 508 1546 548 sententiarum
1579 508 1618 548 in
1648 521 1737 548 can-

242 594 319 632 tico
352 600 506 632 nostro.
555 590 726 633 Davidcs
760 593 881 641 enim,
916 593 1017 632 sicut
1043 590 1218 646 plerique
1239 589 1446 640 Israelitae‚
1480 585 1610 648 ψιλὸς
1633 598 1736 640 erat3

245 674 453 715 Goliathus
487 683 616 716 autem
648 673 838 730 ὁπλίτης,
878 675 989 730 cujus
1024 681 1220 729 armatura
1252 688 1274 714 a
1307 672 1560 716 Cretensibus
1594 681 1632 715 et
1663 672 1738 716 Ca-

243 758 352 799 ribus
394 758 658 814 proculdubio
694 758 864 799 derivata
905 757 1031 799 fusius
1070 760 1107 798 in
1139 759 1363 799 narratione
1394 757 1458 799 illa
1490 756 1736 799 describitur.

243 842 344 883 Hinc
365 842 429 882 illa
453 841 574 883 divini
597 842 732 883 auxilii
756 842 1012 899 significatio,
1048 855 1200 897 »neque
1223 843 1365 891 enim‚«
1396 850 1443 883 ut
1466 850 1584 898 poeta
1604 849 1739 883 noster

244 925 466 981 profitetur,
503 925 633 966 »ullus
666 928 728 967 vir
758 925 903 967 robore
936 941 1009 966 suo
1042 925 1280 982 praevalet.«

364 1009 421 1051 De
453 1018 569 1051 textu
600 1018 717 1065 atque
750 1010 1073 1065 interpretatione
1105 1008 1225 1065 hujus
1249 1009 1386 1049 cantici
1408 1007 1503 1049 haec
1525 1009 1603 1050 sint
1623 1006 1738 1050 dicta.

245 1091 398 1133 Verba:
442 1096 576 1154 ΠἾῙΞἾΓ]
608 1095 760 1138 ΕἾἾΞἎ
792 1097 912 1161 ΠΨΡ
946 1089 1000 1145 (V.
1023 1089 1068 1146 4)
1103 1106 1177 1148 ope
1209 1091 1287 1132 Jes.
1310 1091 1426 1141 XXI,
1457 1090 1508 1133 17
1540 1091 1740 1133 reddenda

247 1185 351 1217 sunt.
398 1175 453 1216 lbi
487 1178 587 1217 enini
619 1177 828 1233 propheta,
863 1179 929 1233 qui
963 1176 1110 1232 alioqui
1132 1174 1313 1232 frequens
1337 1177 1453 1216 estin
1476 1174 1576 1216 libro
1599 1175 1740 1217 Jasha-

246 1275 342 1301 rano
376 1260 585 1310 imitando,
630 1262 788 1317 scripsit
818 1262 972 1306 Dium
1005 1257 1127 1327 ΓΨΡ
1158 1268 1200 1301 ut
1229 1258 1467 1316 significaret
1487 1257 1740 1315 fortissimos

246 1344 491 1399 saqittarz'os.
538 1345 580 1385 In
613 1359 650 1385 v.
674 1344 699 1385 5
735 1349 811 1401 ''u-7,
847 1359 934 1385 cum
962 1343 1152 1385 Michaele
1185 1343 1361 1400 aliisque,
1395 1342 1444 1383 ad
1475 1342 1740 1384 antecedentia

247 1428 401 1468 rettuli:
435 1427 481 1469 cf.
517 1426 613 1469 Gen.
636 1427 784 1478 XLIX,
811 1426 879 1470 26.
920 1427 986 1469 Ad
1017 1443 1054 1468 v.
1081 1425 1120 1469 6.
1153 1427 1331 1468 Thenius
1364 1435 1566 1484 comparat
1593 1426 1736 1468 Psalm.

248 1510 388 1560 XXX,
414 1509 452 1560 3,
482 1511 528 1561 4,
565 1520 602 1552 et
634 1513 726 1553 citat
756 1511 1073 1553 Artemidorum:
1106 1507 1181 1552 τὸν
1212 1508 1332 1567 παρὰ
1360 1509 1626 1567 προσδοκίαν
1656 1519 1740 1552 σω-

248 1595 387 1635 θέντα
419 1591 564 1649 φάμεν
596 1594 642 1644 ἐξ
662 1593 815 1637 ε’Λιδου
852 1590 1180 1650 ἀναβεβηκέναι.
1235 1593 1334 1636 Cum
1367 1594 1622 1651 sequentibus
1654 1609 1741 1636 ver-

249 1678 380 1719 siculis
412 1693 526 1719 nemo
557 1693 637 1719 non
660 1679 870 1720 contulerit
889 1678 1025 1720 beatae
1046 1678 1194 1720 Mariae
1218 1678 1444 1719 cantilenam
1468 1677 1575 1734 apud
1595 1678 1741 1720 Lucam

248 1762 538 1819 Evangelistam
562 1759 604 1815 (Ι,
628 1761 685 1804 46
709 1759 827 1819 sqq).
868 1761 979 1804 Unde
1003 1762 1068 1803 illa
1090 1762 1280 1803 cantilena
1302 1761 1477 1803 derivata
1498 1764 1560 1812 sit,
1593 1763 1738 1803 nescio.

250 1845 330 1887 Sed
361 1845 553 1902 profecto,
590 1848 814 1903 quicunque
847 1861 930 1887 eam
962 1848 1172 1902 scripserit,
1205 1848 1238 1887 is
1259 1845 1568 1888 Masorethicum
1589 1853 1739 1887 textum

250 1937 407 1970 secutus
448 1939 526 1979 est,
568 1938 605 1971 et
643 1938 823 1971 nostrum
861 1930 1052 1986 hymnum
1083 1930 1246 1971 Hannae
1277 1931 1504 1987 assignavit.
1559 1928 1679 1984 Quod
1708 1931 1740 1970 si

251 2015 338 2069 quis
372 2013 461 2054 inde
483 2013 750 2055 Masorcthico
774 2016 914 2064 textui,
949 2014 1022 2064 vel,
1057 2015 1089 2054 si
1110 2016 1246 2064 mavis,
1280 2015 1453 2055 versioni
1474 2015 1742 2070 septuaginta-

250 2097 361 2138 virali
392 2105 515 2138 ratam
549 2100 820 2139 auctoritatem
854 2097 1133 2139 conciliandam
1166 2106 1314 2148 censet,
1356 2113 1428 2140 nac
1459 2099 1553 2149 iste,
1587 2099 1619 2139 si
1651 2098 1740 2155 quis

251 2180 362 2231 alius,
398 2183 437 2222 in
470 2182 628 2232 circulo,
664 2182 774 2238 quod
806 2184 928 2231 aiunt,
962 2183 1232 2223 ratiocinatur.

637 2424 689 2466 IN
729 2424 1009 2467 CANTICUM
1049 2423 1350 2468 SECUNDUM.

370 2596 480 2638 Hanc
525 2599 700 2639 naeniam
744 2598 1041 2654 pulcherrimam
1074 2611 1156 2638 csse
1198 2606 1313 2654 atque
1352 2596 1402 2638 ad
1433 2599 1592 2638 intimos
1623 2599 1740 2638 animi

253 2695 390 2721 sensus
415 2681 719 2722 commovendos
743 2684 995 2738 aptissimam,
1021 2695 1154 2723 omnes
1177 2680 1360 2723 fatentur.
1403 2679 1482 2722 Sed
1502 2695 1584 2722 non
1606 2694 1739 2722 omnes

251 2766 379 2820 primo
414 2764 557 2805 obtutu
589 2765 821 2821 intelligunt,
856 2780 976 2822 quare
1002 2764 1172 2806 Davidcs
1206 2764 1318 2806 talem
1349 2764 1532 2806 threnum
1562 2762 1741 2820 publicae

252 2850 470 2889 recitationi
504 2848 802 2890 commendaret.
851 2848 948 2890 Nam
972 2848 1116 2890 Saulus
1150 2848 1305 2904 quidem
1336 2863 1406 2905 per
1437 2848 1582 2889 multos
1615 2862 1738 2888 annos

252 2933 402 2988 regium
435 2940 613 2974 nostrum
647 2941 772 2974 vatem
805 2931 956 2975 insenso
991 2932 1104 2982 odio,
1144 2932 1263 2974 modo
1297 2931 1418 2983 dolis,
1451 2930 1570 2973 modo
1602 2938 1737 2987 aperto

1842 0 1867 209 l
