1867 3301
943 206 1008 253 26

234 349 507 389 amicissimum
547 345 772 388 Solomonis
814 354 851 387 et
888 345 1037 386 Ilirami
1081 347 1352 388 commercium
1391 345 1591 387 Hebraeos
1632 360 1718 387 cum

235 432 367 487 Tyriis
401 431 473 471 illis
507 431 798 479 conciliaverat,
834 431 901 485 qui
931 430 969 469 in
1000 437 1121 470 totam
1142 429 1342 485 Europam
1374 429 1569 470 scribendi
1599 438 1718 471 artem

234 515 467 562 intulerunt,
510 514 621 554 illinc
650 513 868 553 Pharaonis
909 510 1076 553 affinitas
1109 512 1358 568 multiplicem
1389 512 1564 568 Aegypti
1596 514 1719 553 scien-

236 600 326 638 tiam
366 599 404 637 in
443 596 703 636 Palaestinam
742 597 907 651 migrare
946 594 1180 650 patiebatur.
1244 594 1296 636 Ut
1334 595 1542 651 Augustus
1577 594 1719 636 Caesar

233 680 340 735 apud
370 679 590 727 Romanos,
626 687 664 720 et
683 676 980 719 Vicramaditias
1014 677 1121 734 apud
1150 677 1287 727 Indos,
1321 680 1374 718 ita
1405 677 1597 719 Solomon
1617 677 1720 720 Ben-

234 762 362 804 David
409 761 516 818 apud
552 760 744 802 Israelitas
785 763 1012 818 omnigenae
1061 752 1259 802 doetrinae
1306 770 1343 802 et
1387 769 1523 801 auctor
1561 769 1644 802 erat
1683 769 1721 802 et

234 854 439 902 patronus.
493 844 582 886 Rex
619 846 702 900 ipse
741 844 863 884 multa
895 843 1106 893 scribebat,
1150 852 1188 885 et
1220 843 1267 884 ab
1305 858 1350 885 eo
1387 852 1563 900 acceptas
1600 842 1720 885 habe-

234 944 320 969 mus
353 928 571 984 complures
604 927 800 983 relliquias
834 926 882 967 ad
913 926 1206 982 philosophiam
1230 929 1445 983 pocsinque
1468 929 1717 983 pertinentes.

234 1012 369 1052 Fuerit
399 1011 460 1051 ille
491 1019 702 1066 tyrannus,
747 1018 786 1050 at
825 1009 1106 1058 theocraticus‚
1150 1018 1189 1049 at
1220 1009 1460 1065 relligiosus,
1503 1011 1647 1065 quique
1679 1024 1719 1051 se

235 1094 357 1135 divini
388 1095 558 1134 numinis
592 1091 765 1133 afflatum
798 1094 990 1147 accepisse
1022 1092 1285 1147 profiteretur.
1332 1092 1382 1132 Et
1405 1107 1525 1148 quum
1546 1091 1720 1148 undique

233 1186 341 1218 tanta
371 1175 564 1217 bonarum
595 1189 724 1216 rerum
758 1174 998 1215 abundantia
1020 1174 1329 1224 circumfluebat,
1365 1189 1485 1231 quum
1507 1177 1721 1231 unusquis-

235 1275 310 1316 que
349 1259 607 1300 Israelitarum
649 1257 773 1299 dicere
813 1259 1009 1313 potuisset
1045 1272 1177 1313 pacem
1218 1259 1341 1314 ipsam
1375 1260 1414 1298 in
1446 1272 1553 1299 sacra
1583 1257 1719 1299 tellure

237 1343 366 1384 sedem
398 1357 508 1383 suam
538 1342 691 1382 fixisse:

571 1451 692 1488 Tutus
720 1449 787 1486 bos
817 1450 948 1486 etenim
977 1461 1063 1485 rura
1092 1449 1340 1498 perambulat,

571 1522 695 1559 Nutrit
723 1533 809 1557 rura
839 1520 944 1557 Ceres
973 1521 1140 1568 almaque
1168 1520 1375 1566 Faustitas,

570 1594 747 1630 Pacatum
775 1592 931 1628 volitant
958 1603 1022 1640 per
1050 1603 1149 1628 mare
1177 1593 1343 1636 navitae,

573 1663 705 1700 Condit
733 1664 886 1711 quisque
917 1662 1009 1699 diem
1040 1662 1191 1699 collibus
1219 1664 1257 1698 in
1286 1664 1380 1708 suis,

570 1735 620 1771 Et
647 1736 759 1771 vitem
788 1733 917 1770 viduas
947 1734 1046 1770 ducit
1075 1734 1121 1770 ad
1150 1733 1317 1779 arbores3
1532 1734 1562 1768 Ο

570 1806 664 1842 Hine
694 1805 740 1842 ad
771 1806 853 1841 vina
881 1804 975 1841 redit
1002 1805 1137 1841 laetus:
1173 1827 1212 1831 —

236 1938 356 1980 quum
384 1936 516 1963 omnes
540 1922 653 1962 vicini
687 1920 811 1962 felicia
843 1922 973 1961 omnia
1004 1935 1047 1961 ac
1079 1919 1282 1977 magnifica
1304 1919 1349 1961 de
1373 1921 1525 1961 civitate
1547 1919 1721 1961 Jehovae

234 2006 523 2063 praedicarent,
567 2005 663 2061 quid
702 2003 1032 2045 accommodatius
1064 2005 1228 2044 inveniri
1261 2011 1396 2059 posset
1427 2011 1597 2058 tempus,
1641 2017 1719 2059 quo

235 2091 429 2146 promissa
461 2097 498 2130 et
528 2096 735 2144 praecepta
756 2087 827 2128 Dei
859 2087 1188 2143 recolligerentur,
1223 2100 1301 2143 quo
1335 2085 1422 2126 libri
1444 2085 1596 2126 beatam
1618 2086 1721 2126 illam

235 2171 454 2228 proborum
486 2171 547 2211 vel
580 2185 668 2211 vere
699 2170 1006 2211 Jasharanorum
1046 2178 1192 2210 sortem
1233 2169 1483 2225 depingentes
1523 2171 1561 2209 in
1598 2156 1729 2209 unum¹

237 2270 380 2311 corpus
403 2256 654 2310 stiparentur,
681 2252 839 2308 adjectis
863 2255 894 2293 si
919 2252 1013 2309 quid
1035 2261 1122 2308 apte
1146 2252 1356 2293 declararet
1377 2254 1559 2292 virtutem
1582 2260 1619 2292 et
1639 2253 1721 2307 pic-

236 2346 353 2380 tatem
375 2336 557 2385 Davidis,
593 2335 838 2391 splendorem
870 2343 907 2375 ct
936 2334 1153 2375 felicitatem
1183 2335 1249 2375 filii
1272 2334 1374 2375 illius
1398 2342 1513 2390 atquc
1536 2333 1720 2375 heredis?

357 2420 468 2461 Talia
500 2428 593 2460 sunt
623 2421 662 2459 in
696 2421 921 2459 universum
955 2432 998 2457 ea
1030 2425 1276 2473 argumenta,
1313 2431 1411 2473 quae
1437 2431 1495 2457 me
1519 2417 1721 2472 impellunt

236 2514 281 2546 ut
313 2503 463 2546 credam
496 2502 754 2544 Jasharanum
787 2501 883 2542 illud
915 2502 1127 2542 carminum
1158 2509 1363 2556 syntagma
1395 2508 1577 2556 regnante
1604 2499 1720 2541 Solo-

236 2603 350 2629 mone
382 2586 583 2628 conditum
616 2600 698 2626 esse
729 2593 846 2641 atque
879 2584 1101 2625 conflatum.
1165 2583 1250 2623 Jam
1282 2596 1492 2639 sequamur
1523 2583 1688 2639 singula.

358 2667 417 2722 (1)
460 2668 589 2722 Quum
623 2677 769 2710 certum
803 2670 873 2717 sit,
913 2669 1089 2708 naeniam
1120 2666 1222 2706 illam
1255 2665 1417 2706 Davidis
1450 2665 1495 2706 de
1529 2665 1650 2707 Saulo
1684 2674 1721 2706 ct

237 2753 455 2795 Jonathane
488 2762 636 2808 partem
670 2753 789 2794 suissc
822 2753 934 2792 istius
967 2749 1074 2799 libri,
1108 2748 1285 2806 profecto
1319 2751 1403 2805 ipsa
1435 2748 1609 2789 collectio
1642 2748 1720 2789 Da-

237 2837 325 2878 vide
357 2838 555 2892 posterior
586 2835 714 2877 suerit.

357 2916 417 2971 (2)
459 2917 589 2972 Quum
620 2921 660 2959 in
690 2917 966 2961 Benedictionc
996 2914 1134 2957 Jacobi
1167 2912 1280 2968 (Gen.
1302 2911 1446 2967 XLIX)
1479 2922 1517 2956 et
1546 2915 1587 2955 in
1609 2911 1719 2954 Nun-
