1867 3301
674 768 878 834 PARS
933 766 1273 841 QUARTA.

492 926 614 983 Leges
649 925 801 967 divinae
832 924 961 981 probo
995 923 1145 980 populo
1181 921 1460 965 observandae.

646 1158 1045 1243 FRAGMENTUM
1081 1176 1314 1223 PRIMUM.

687 1298 821 1335 Decem
843 1296 1040 1334 Probitatis
1062 1295 1272 1344 Praecepta.

232 1505 364 1574 ”JJJ‘J'
400 1524 442 1563 [1]
475 1518 609 1560 Moses
644 1518 877 1558 convocavit
909 1529 1061 1557 omnem
1091 1514 1289 1565 Israelem,
1324 1523 1362 1556 et
1392 1517 1447 1556 sie
1478 1514 1598 1556 dixit:

475 1601 602 1650 Audi,
643 1600 780 1649 Israel,
823 1608 970 1641 statuta
1010 1614 1053 1640 ae
1079 1599 1172 1654 jura
1204 1613 1303 1655 quae
1334 1598 1448 1640 vobis
1482 1597 1599 1639 hodie
1630 1613 1725 1655 pro-

1018 1682 1166 1739 mulge.

476 1768 582 1809 Haec
614 1767 769 1816 discite,
804 1766 899 1807 haee
929 1774 975 1806 ut
1008 1764 1223 1807 observetis
1255 1764 1559 1806 reeordaminor.

400 1860 442 1899 [2]
476 1850 629 1893 Jehova
659 1850 765 1892 Deus
806 1858 941 1891 noster
981 1849 1120 1891 foedus
1156 1847 1362 1890 nobiseum
1394 1851 1434 1890 in
1464 1848 1624 1891 Herebo
1656 1864 1726 1907 pe·

1014 1935 1135 1989 pigit3

401 2027 443 2066 [3]
477 2017 568 2060 Non
601 2032 688 2059 eum
719 2016 899 2074 patribus
931 2018 1078 2058 nostris
1112 2024 1269 2073 paetum
1291 2018 1396 2065 iniit,
1431 2015 1500 2058 sed
1520 2015 1725 2058 nobiseum

1017 2098 1211 2149 omnibus,

478 2184 554 2238 Qui
586 2192 810 2241 praesentes
844 2182 962 2224 hodie
995 2191 1033 2224 et
1064 2185 1238 2225 viventes
1272 2182 1472 2224 adsumus.

402 2276 444 2315 [4]
481 2266 625 2309 Coram
661 2267 726 2310 Ille
759 2267 963 2308 vobiscum
995 2267 1151 2308 locutus
1185 2275 1243 2309 est
1274 2269 1313 2308 in
1346 2275 1476 2309 monte
1509 2275 1546 2309 et
1576 2269 1616 2308 in
1647 2281 1727 2308 me-

1018 2349 1082 2390 dio
1116 2351 1217 2406 igne.

411 2442 452 2481 [5]
485 2433 571 2490 Ego
604 2447 697 2474 vero
721 2428 746 2485 ¹)
778 2441 871 2474 tune
904 2434 1004 2474 inter
1035 2432 1226 2473 Jehovam
1259 2442 1297 2474 et
1326 2435 1427 2475 inter
1457 2448 1529 2475 vos
1562 2433 1724 2484 stabam,

479 2516 528 2558 Ut
558 2516 732 2558 Jehovae
764 2516 883 2558 verba
915 2515 1028 2557 vobis
1062 2517 1341 2557 renunciarem.

338 2681 360 2724 1)
397 2682 486 2715 llaec
508 2681 609 2715 verba
627 2680 770 2715 Dathius
798 2678 910 2726 (cujus
937 2686 1051 2714 notam
1078 2679 1358 2714 Rosenmiillerus
1386 2681 1458 2715 sine
1484 2679 1554 2715 11113
1579 2666 1727 2715 auctoris

236 2747 408 2781 mentione
435 2752 470 2780 ut
498 2758 591 2780 suam
619 2746 776 2792 protulit)
802 2746 993 2792 parenthesi
1020 2744 1220 2780 includenda
1247 2751 1370 2780 monet.
1414 2746 1480 2781 Sed
1508 2747 1570 2780 etsi
1595 2746 1726 2780 Jehova

236 2811 434 2858 decalogum
468 2823 577 2845 coram
611 2812 737 2858 populo
773 2813 1022 2857 pronuntiavit,
1056 2811 1228 2845 Israelitae
1261 2823 1339 2857 prae
1370 2813 1490 2846 timore
1519 2812 1724 2846 tremendam

235 2877 326 2911 illam
354 2878 481 2911 tonitru
511 2879 719 2912 commistam
747 2889 863 2912 vocem
890 2888 958 2912 non
984 2876 1249 2918 intellexissent,
1277 2878 1341 2912 nisi
1367 2878 1481 2914 Moses
1508 2882 1640 2922 praesto
1668 2876 1726 2910 ad-

235 2941 376 2985 fuisset,
405 2943 461 2988 qui
488 2942 547 2978 Dei
576 2943 675 2979 verba
703 2944 870 2989 exciperet
897 2948 928 2977 et
954 2943 1240 2988 interpretaretur.
