1867 3301
101 358 140 390 et
180 351 334 390 criticos
374 349 536 404 quosvis
577 347 730 402 appello
772 361 865 386 num
900 344 1086 386 validiore
1129 346 1216 401 quis
1250 353 1480 401 argumento
1513 360 1594 386 ser-

100 432 214 474 vilem
256 433 509 473 imitationem
551 429 729 486 detegere
777 437 924 485 posset.
987 428 1192 469 Praeterea
1232 406 1414 484 frequens
1457 436 1516 469 est
1553 430 1593 468 in

101 515 288 556 imitando
322 515 386 556 Ps.
410 513 556 562 XVIII,
592 528 707 570 quem
739 528 852 554 nemo
886 527 967 553 non
992 511 1134 553 Davidi
1167 511 1356 552 attribuet
1388 508 1451 564 (cf.
1475 511 1591 552 Deut.

100 598 289 647 XXXIII,
314 595 382 639 29.
415 597 481 637 Ps.
506 596 651 645 XVIII,
676 595 731 637 45
761 604 798 637 et
820 593 906 648 34).
969 596 1103 652 Itaque
1136 594 1328 636 concludo
1362 596 1593 651 scriptorem

101 682 220 737 hujus
254 682 433 722 carminis
466 679 617 721 Davide
648 681 902 720 recentiorem
937 693 1032 720 esse.
1088 678 1253 720 Carmen
1286 686 1414 719 autem
1446 677 1592 718 editum

101 779 184 806 esse
229 773 316 806 ante
365 763 494 805 decem
541 762 716 804 tribuum
759 751 1015 803 secessionem
1059 770 1097 803 et
1136 776 1256 818 quum
1297 776 1399 802 unus
1440 769 1592 802 tantum

100 863 171 889 rex
200 848 392 889 Israelitas
425 845 690 904 gubernabat,
729 845 853 902 liquet
884 854 962 886 tam
996 859 1045 886 ex
1076 854 1162 886 toto
1196 847 1363 886 carmine
1395 859 1512 901 quam
1545 858 1593 885 ex

101 931 217 973 Deut.
240 930 428 980 XXXIII,
455 929 502 972 ὃς
546 929 657 971 ³>ch
697 931 770 970 erit
808 931 847 969 in
881 929 1081 970 Jeshurun
1121 943 1242 985 quum
1283 929 1421 984 capita
1444 927 1596 984 populi

102 1029 142 1056 se
183 1016 506 1071 congregarint«,
546 1012 616 1054 ubi
646 1012 803 1054 notabis
836 1012 993 1053 titulum
1024 1013 1133 1068 reyis
1164 996 1270 1076 ἾιἯΞ
1303 1027 1384 1053 non
1414 1013 1594 1068 potuisse

102 1098 260 1147 adduci,
299 1100 375 1139 nisi
406 1106 500 1154 post
530 1099 677 1154 regiam
711 1096 938 1153 dignitatem
971 1098 1070 1137 inter
1100 1074 1293 1137 Israelitas
1327 1097 1592 1137 constitutam.

101 1180 154 1223 Ut
182 1181 277 1222 mihi
309 1181 466 1238 quidem
500 1180 656 1222 videtur
687 1180 782 1221 haec
813 1182 916 1237 regis
950 1181 1094 1220 mentio
1129 1188 1261 1236 aperte
1294 1187 1444 1235 spectat
1474 1178 1523 1219 ad
1555 1178 1595 1219 id

101 1274 275 1321 tempus,
319 1279 398 1321 quo
436 1280 511 1306 rex
544 1263 707 1305 Solonio
743 1265 873 1305 omnia
904 1262 1079 1304 tribuum
1111 1264 1249 1320 capita
1279 1263 1595 1318 Hierosolymam

101 1348 150 1389 ad
181 1348 312 1389 aedem
335 1347 407 1389 Dei
439 1348 734 1389 instaurandam
757 1349 991 1389 convocavit
1013 1344 1052 1399 (1
1078 1347 1175 1402 Reg.
1194 1346 1299 1396 VIII,
1329 1344 1382 1396 1).
1429 1344 1596 1388 Constat

101 1434 220 1488 igitur
242 1432 317 1473 hoc
340 1446 492 1473 carmen
515 1430 588 1472 sub
608 1434 762 1472 initium
781 1433 889 1488 regni
908 1431 1137 1473 Solomone-i
1155 1433 1343 1486 scriptum
1361 1410 1456 1471 esse.
1490 1430 1594 1472 Idem

102 1517 290 1572 scriptum
312 1515 431 1556 fuisse
453 1530 497 1557 eo
518 1515 681 1556 consilio
699 1523 743 1556 ut
761 1515 978 1556 collectioni
995 1514 1233 1555 Jasharanae
1250 1516 1485 1555 insereretur
1502 1529 1595 1556 con-

103 1598 216 1640 cludo
252 1599 430 1656 equidem
463 1614 512 1640 ex
544 1601 701 1640 nomine
732 1601 888 1655 poetico
923 1595 1073 1667 ῙἾἾΨᾎ,
1109 1597 1219 1654 quod
1250 1600 1289 1639 in
1321 1598 1397 1639 hoc
1428 1600 1594 1640 carmine

100 1690 159 1724 ter
192 1685 363 1724 occurrit
395 1680 528 1736 (Deut.
551 1682 723 1732 XXXII,
753 1681 817 1724 15.
851 1682 1038 1731 XXXIII,
1065 1680 1102 1731 5,
1128 1679 1222 1734 26),
1266 1684 1463 1738 ceteroqui
1496 1697 1596 1723 non-

100 1767 176 1807 nisi
206 1767 244 1806 in
277 1766 356 1807 Jes.
378 1766 518 1816 XLIV,
545 1766 583 1807 2.
637 1766 926 1807 Parallelismus
961 1765 1224 1807 clausularum
1255 1767 1295 1806 in
1326 1765 1475 1806 Jesaiae
1508 1766 1594 1806 loco

102 1848 273 1890 ostendit
312 1853 445 1919 ῘἾἾῘΕἾ
483 1858 521 1891 et
561 1833 741 1918 ι’)ξζἾῖζΙἿ
775 1850 888 1906 plane
929 1864 1151 1906 synonyma
1190 1848 1322 1890 fuisse.
1386 1849 1456 1890 Ait
1494 1851 1594 1890 enim

102 1948 138 1973 v,
166 1931 208 1973 1.
247 1932 365 1973 »audi
396 1932 552 1975 Jacobe
584 1948 694 1974 serve
726 1936 798 1983 mi,
832 1942 870 1974 et
900 1933 1049 1986 Israel,
1084 1948 1198 1989 quem
1232 1933 1377 1989 elegi«;
1419 1941 1457 1974 et
1488 1948 1524 1973 V.
1550 1932 1594 1973 2:

104 2015 210 2056 »noli
241 2017 375 2057 timere
409 2030 519 2057 serve
551 2019 602 2057 mi
634 2015 809 2070 Jacobe,
844 2025 882 2058 et
910 2016 1137 2067 Jeshurun,
1173 2031 1286 2072 quem
1321 2016 1429 2072 elegi.
1440 2032 1456 2050 <1
1509 2015 1595 2057 Jam

103 2114 195 2140 vero
229 2102 481 2141 consentiunt
513 2114 646 2141 omnes
680 2098 815 2163 ζἹἾῖζὶἿ
847 2115 868 2140 a
901 2103 1003 2167 ἾῖξΙἾτ
1029 2099 1217 2141 inflexum
1251 2114 1346 2141 esse.
1412 2098 1511 2149 Sed,
1552 2108 1596 2140 ut

102 2198 223 2240 supra
252 2183 435 2233 vidimus,
468 2183 664 2240 plerisque
697 2162 844 2240 placuit
869 2183 1042 2240 syllabae
1075 2188 1133 2249 ζῆ·
1164 2183 1433 2225 diminutivam
1466 2192 1504 2224 et
1535 2197 1596 2224 ca-

101 2269 296 2308 ritativam
337 2267 661 2324 significationem
701 2267 892 2317 tribuere,
936 2276 974 2309 et
1015 2266 1205 2309 Gesenius
1245 2282 1380 2308 vocem
1420 2276 1595 2308 nostram

101 2350 298 2392 rectulum
330 2346 618 2407 (fivmmclzen)
652 2351 791 2393 reddit.
838 2351 944 2393 Bene
978 2360 1106 2392 autem
1130 2350 1356 2392 observavit
1376 2351 1596 2407 Hengsten-

103 2433 263 2491 bergius
298 2431 376 2487 (dic
400 2434 539 2476 Gesch.
561 2434 727 2476 Bileams
759 2450 798 2492 p.
823 2432 896 2486 98)
931 2435 1030 2476 hanc
1055 2437 1416 2492 interpretationem
1442 2436 1596 2475 minime

105 2517 296 2573 quadrare
329 2520 368 2559 in
399 2527 578 2560 nostrum
612 2534 772 2575 poema3
812 2521 899 2575 quis
933 2521 1033 2560 enim
1066 2518 1230 2559 dixisset
1262 2517 1463 2560 »rectulus
1493 2519 1597 2574 sagi-

104 2609 219 2641 natus
267 2610 326 2642 est
367 2610 404 2644 et
443 2603 748 2653 recalcitravit«,
799 2611 886 2643 aut:
935 2601 1142 2658 ”regnabit
1182 2604 1220 2642 in
1259 2602 1460 2652 o·ectul0«;
1509 2610 1594 2642 aut:

108 2699 246 2725 »nemo
280 2693 339 2726 est
369 2694 414 2726 ut
435 2685 541 2727 Deus
563 2686 763 2728 rectulff?
797 2686 1018 2740 Quinetiam
1041 2687 1175 2742 opinio
1199 2685 1264 2726 illa
1284 2687 1596 2727 terminationem

106 2771 164 2833 ζῆ·
196 2766 466 2810 diminutivam
498 2784 601 2819 esse,
635 2770 743 2811 nullo
777 2770 1030 2811 fundamento
1066 2771 1214 2810 nititur.
1276 2768 1374 2810 Nam
1407 2769 1516 2826 quod
1547 2783 1597 2810 ex

717 2848 743 2897 ὅ
775 2852 1043 2895 desinentibus
1076 2852 1153 2893 hoc
1185 2852 1444 2902 concludunt,
1485 2852 1525 2893 id
1557 2854 1596 2893 in

106 2932 380 2977 Hebraismum
399 2949 481 2978 non
498 2936 612 2978 cadit.
646 2888 829 2978 Prdl'ecto
848 2936 1016 2993 allegant
1032 2935 1266 2978 vocabulum
1284 2934 1405 3007 Imm}
1414 2935 1595 2993 pupilla,

107 2849 349 2892 diminutivis
391 2850 584 2908 Syrorum
624 2855 663 2894 in
