1867 3301
958 186 1056 234 332

262 332 364 386 regis
405 330 566 384 imperio
600 326 759 368 subdita
797 335 890 368 erat.
945 325 996 367 Et
1027 326 1123 382 quid
1156 336 1234 378 est,
1276 342 1345 369 cur
1376 327 1578 383 parvulam
1610 328 1751 384 Benja-

261 415 485 455 minitarum
519 411 683 460 tribum,
717 419 904 467 tanquam
937 409 1200 452 dominantem
1227 412 1328 453 inter
1357 411 1494 453 fratres
1527 426 1635 462 suos,
1669 414 1749 467 pri-

261 512 363 538 mam
393 495 613 545 induxerim
648 493 785 536 deinde
818 508 910 535 vero
944 508 1192 535 numerosam
1214 493 1339 536 Judae
1372 493 1580 536 sobolem?
1608 493 1749 536 Nonne

262 582 384 624 cuivis
407 593 592 636 apparere
615 576 741 628 debet,
776 576 872 618 illud
893 585 1102 634 propterca
1125 577 1322 628 accidisse,
1347 580 1439 635 quia
1459 577 1591 619 nullus
1612 577 1751 620 fuisset

260 664 520 706 Israelitarum
552 677 635 712 rex,
668 663 743 702 nisi
776 676 825 703 cx
856 661 917 702 his
951 660 1104 702 duabus
1136 660 1333 711 tribubus,
1368 677 1413 703 eo
1447 670 1636 718 tempore,
1669 675 1748 719 quo

262 747 425 790 Solonio
458 746 645 803 templum
677 760 793 786 suum
825 743 1058 786 dedicabat?
1087 744 1219 801 Atque
1242 747 1296 786 ita
1317 760 1476 802 quoquc
1498 746 1751 802 explanatum

260 831 381 872 habes
415 829 610 879 ordinem,
646 844 725 886 quo
758 830 886 885 regiae
918 827 1046 869 tribus
1079 831 1344 870 nominantur.
1383 828 1482 870 Nam
1505 828 1649 871 Saulus
1678 827 1751 870 suit

259 915 537 970 Benjaminita,
571 912 742 954 Davides
775 926 890 961 vero,
934 912 1046 967 cujus
1086 911 1188 952 filius
1221 911 1385 954 Solomo
1424 920 1518 953 tunc
1548 911 1748 968 regnabat,

260 1001 360 1041 inter
391 997 564 1040 Judaeos
598 995 840 1038 censebatur.
897 993 977 1035 Sed
1008 1003 1266 1051 posteaquam
1297 994 1552 1037 Jerobeamus
1583 995 1752 1052 Ephrai-

261 1085 354 1124 mita
392 1081 618 1122 seditiosam
658 1078 787 1120 decem
827 1076 1001 1120 tribuum
1040 1077 1339 1133 disjunctionem
1379 1087 1594 1135 patrasset,
1635 1093 1749 1120 nemo

262 1165 387 1208 tribus
407 1164 634 1206 Israeliticas
668 1163 744 1204 hoc
766 1161 903 1203 ordine
929 1164 1142 1218 posuisset.
1186 1161 1315 1216 Quum
1338 1177 1387 1203 ex
1407 1161 1508 1204 libro
1536 1161 1554 1204 1
1579 1162 1748 1219 Paralip.

260 1250 349 1299 XV,
381 1247 406 1291 3
450 1255 603 1289 constet
642 1260 775 1287 omnes
807 1246 999 1288 Israelitas
1032 1245 1346 1302 Hierosolymam
1388 1253 1626 1288 convocatos
1667 1260 1750 1287 esse

261 1333 310 1374 ad
338 1330 646 1374 transferendam
667 1330 841 1372 Jehovae
864 1344 990 1371 arcam
1013 1332 1053 1371 in
1072 1330 1261 1386 templum
1284 1329 1557 1379 Tsioniticum,
1592 1337 1752 1384 quaeret

260 1416 426 1459 fortasse
459 1416 598 1472 aliquis
633 1428 752 1471 quare
776 1422 883 1455 vates
915 1422 1051 1455 noster
1082 1415 1239 1455 nonnisi
1272 1421 1462 1470 quattuor
1487 1411 1614 1454 tribus
1646 1427 1751 1453 com·

260 1508 459 1549 memoret,
494 1513 593 1555 quae
624 1498 791 1539 laetitiae
824 1497 877 1538 illi
908 1496 1087 1554 publicae
1118 1499 1362 1539 interessent.
1407 1496 1459 1539 Ut
1481 1495 1750 1538 Schnurrerus

260 1584 357 1625 bene
388 1591 541 1631 monet,
584 1582 760 1623 historici
793 1581 950 1630 fuisset,
994 1596 1072 1622 non
1105 1589 1266 1637 poetae,
1305 1595 1438 1622 omnes
1471 1579 1597 1621 tribus
1629 1579 1749 1636 longo

261 1667 398 1709 ordine
429 1679 639 1708 recensere.
687 1664 790 1706 Idem
824 1673 952 1706 autem
984 1679 1064 1706 rem
1097 1678 1168 1705 acu
1200 1679 1281 1706 non
1312 1666 1452 1721 tetigit,
1487 1677 1609 1719 quum
1636 1663 1749 1705 Ben-

249 1751 389 1806 ja‘min
421 1758 459 1791 et
479 1748 636 1791 ‚Melam
667 1747 755 1789 ideo
790 1748 949 1789 selectas
981 1747 1101 1788 fuisse
1133 1755 1260 1803 putat,
1294 1749 1385 1804 quia
1413 1749 1453 1788 in
1473 1748 1657 1803 proximo
1680 1747 1750 1787 ha-

260 1836 441 1883 bitarent,
476 1832 727 1875 Zebulonem
758 1840 887 1873 autem
920 1839 958 1872 et
987 1829 1266 1886 Naphthalin,
1301 1832 1392 1886 quia
1423 1830 1649 1887 longissime
1681 1829 1750 1871 ab·

262 1926 390 1960 essent
422 1933 443 1958 a
472 1917 559 1957 loco
584 1916 853 1957 solemnitatis.
894 1915 1027 1957 Asher
1048 1917 1148 1956 enim
1169 1914 1301 1971 paullo
1324 1914 1481 1970 longius
1504 1912 1614 1955 abest
1634 1927 1751 1970 quam

260 2000 494 2059 Naphtlmli
532 2008 570 2041 et
609 2000 818 2053 Zebu20n5
861 2007 898 2040 et
938 2001 970 2039 si
1010 2000 1286 2055 propinquitas
1327 1996 1595 2053 spectabatur,
1636 1996 1752 2039 Juda

263 2084 429 2127 debebat
459 2085 624 2140 primam
656 2082 785 2124 sedem
819 2082 1007 2124 obtinere.
1057 2081 1186 2124 Causa
1219 2081 1450 2130 selectionis,
1483 2082 1522 2121 ni
1552 2079 1676 2130 fallor,
1710 2081 1750 2121 in

262 2184 307 2211 co
343 2166 564 2224 quaerenda
596 2175 665 2216 est,
701 2166 810 2222 quod
842 2168 882 2207 in
911 2165 1090 2207 Deborae
1124 2167 1319 2214 ovatione,
1354 2178 1470 2220 quam
1502 2172 1635 2220 aperte
1664 2164 1751 2204 imi-

263 2260 368 2294 tatur
388 2259 507 2307 poeta
527 2258 674 2299 noster,
708 2249 888 2292 Zebulon
910 2258 948 2291 et
968 2248 1181 2305 Naphthali
1208 2249 1422 2305 longiorem
1445 2247 1553 2288 illum
1574 2245 1750 2288 tribuum

264 2335 438 2377 ordinem
469 2332 656 2375 claudunt
679 2330 760 2386 (vv,
787 2331 852 2382 15,
881 2330 964 2385 18).
1005 2332 1084 2373 Has
1108 2334 1239 2389 igitur,
1274 2333 1429 2373 omissis
1452 2332 1600 2381 ceteris,
1633 2331 1748 2387 regiis

266 2417 446 2461 tribubus
480 2417 658 2473 subjecit.

380 2501 462 2543 Hac
493 2501 830 2558 argumentatione
853 2500 947 2541 mihi
969 2499 1123 2556 quidem
1146 2497 1340 2554 probatur
1362 2499 1551 2539 canticum
1569 2505 1748 2538 nostrum

263 2586 371 2627 nullo
412 2585 487 2626 alio
528 2593 703 2641 tempore
735 2582 927 2625 conscribi
965 2584 1143 2639 potuisse
1183 2596 1299 2638 quam
1338 2580 1411 2622 sub
1451 2582 1603 2621 initium
1640 2582 1749 2636 regni

265 2669 512 2718 Solomonei,
546 2668 691 2709 nullam
722 2667 835 2708 aliam
868 2666 918 2708 ob
952 2681 1124 2715 causam,
1160 2679 1275 2721 quam
1296 2672 1342 2706 ut
1363 2663 1598 2705 dedicationi
1619 2678 1749 2705 sacrae

265 2753 371 2794 aedis
409 2754 585 2794 serviret.
643 2751 750 2805 Quae
790 2753 823 2791 si
863 2752 917 2792 ita
957 2765 997 2792 se
1036 2748 1201 2798 habent,
1243 2756 1280 2789 et
1318 2749 1351 2788 si
1391 2747 1436 2789 de
1477 2748 1629 2788 ratione
1660 2746 1748 2787 libri

264 2837 470 2878 Jasharani
504 2849 592 2876 vere
625 2834 809 2884 disserui,
851 2842 998 2875 certum
1030 2841 1089 2874 cst
1120 2833 1223 2873 hunc
1253 2831 1451 2872 Psalmum
1483 2830 1531 2872 ab
1564 2832 1638 2871 ista
1669 2829 1749 2871 col-

265 2920 429 2961 lectione
459 2934 540 2961 non
571 2918 785 2961 exsulasse.
831 2916 930 2960 Nam
962 2919 994 2959 si
1025 2930 1120 2974 gens
1150 2914 1368 2959 Jasharana
1397 2923 1481 2957 tum
1513 2913 1667 2957 demum
1697 2911 1748 2955 ad
