1867 3301
976 217 1006 262 4

246 351 410 407 (κανών
451 354 498 397 δὲ
536 350 876 410 ἕκκλησιαστικὸς
909 352 932 410 ἡ
967 354 1154 412 συνῳδία
1186 358 1256 397 καὶ
1288 353 1312 411 ἢ
1345 356 1572 411 συμφωνία
1602 355 1735 412 νόμου

245 454 290 479 τε
321 441 394 480 καὶ
424 438 657 494 προφητῶν
697 438 746 498 τῇ
780 435 889 479 κατὰ
921 435 998 494 τήν
1027 441 1104 480 τοῦ
1135 441 1290 494 Κυρίου
1321 441 1563 494 παρουσίαν
1593 454 1736 496 παρα-

246 521 448 582 διδομένῃ
483 520 702 582 διαθήκῃ).

363 606 472 646 Hanc
513 607 764 654 sententiam,
813 619 969 661 nempe,
1017 607 1241 647 canonicam
1282 605 1471 647 librorum
1514 605 1736 647 divinorum

246 691 517 729 auctoritatem
550 704 599 729 ex
631 703 676 729 eo
716 690 925 745 praecipue
961 689 1129 745 pendere
1163 689 1271 746 quod
1303 692 1636 731 continuationem
1668 705 1736 731 ex-

245 772 383 812 hibent
414 774 628 828 seriemque
659 787 808 821 rerum,
843 780 888 813 ut
918 772 992 812 alia
1023 768 1073 814 cx
1104 773 1176 814 alia
1208 788 1310 814 nexa
1342 781 1379 814 et
1411 788 1544 814 omnes
1574 775 1674 815 inter
1695 787 1735 814 se

246 863 358 911 aptae
398 855 679 912 colligatacque
712 855 939 906 videantur,
983 871 1109 912 nuper
1140 858 1373 897 instauravit
1403 856 1616 897 Britannus
1650 858 1736 913 qui-

246 938 334 979 dam
369 938 508 979 doctus
541 953 584 978 ac
617 938 806 988 disertus,
843 939 955 995 cujus
988 954 1130 980 nomen
1162 939 1339 980 nondum
1369 939 1529 996 prodiit.
1578 940 1612 980 Is
1636 941 1735 980 enim

246 1024 301 1063 sic
333 1021 410 1063 fere
443 1037 522 1063 rem
555 1024 742 1078 exposuit
762 1017 801 1075 ¹).
851 1021 994 1063 Sacros
1026 1024 1123 1063 istos
1156 1022 1279 1064 libros
1312 1021 1359 1063 ab
1392 1021 1617 1063 hominibus
1650 1023 1737 1078 qui-

247 1105 333 1147 dem
374 1107 618 1161 conscriptos
663 1120 766 1147 esse:
807 1119 929 1161 quum
969 1114 1099 1146 tamen
1137 1108 1237 1146 inter
1274 1114 1334 1147 tot
1363 1113 1572 1161 tantasque
1603 1119 1737 1146 saecu-

245 1189 393 1237 lorum,
429 1190 686 1245 scriptorum,
721 1197 759 1229 et
787 1190 1044 1245 scriptionum
1066 1190 1292 1240 varietates,
1325 1204 1404 1230 una
1425 1188 1635 1245 eademque
1655 1203 1737 1230 vox

247 1274 505 1313 conscientiae
531 1271 723 1312 humanae
749 1285 1034 1328 usquequaque
1064 1280 1241 1322 resonet,
1276 1287 1354 1313 una
1376 1272 1436 1313 vel
1465 1274 1599 1328 potius
1622 1273 1737 1313 unica

247 1355 412 1397 docendi
445 1357 545 1397 ratio
580 1369 732 1411 semper
765 1363 972 1411 appareat,
1006 1369 1127 1411 quum
1157 1357 1358 1412 praeterea
1390 1355 1564 1396 divinum
1589 1355 1737 1411 aliquid

245 1442 394 1497 pectori
427 1448 564 1480 nostro
599 1438 766 1479 insideat
797 1447 913 1494 atque
946 1438 1165 1489 inhaereat3
1205 1439 1264 1488 id,
1307 1438 1417 1494 quod
1447 1440 1500 1479 ita
1530 1438 1735 1480 nobiscum

246 1526 286 1564 in
317 1525 462 1564 intimis
501 1521 680 1563 sensibus
714 1521 1005 1571 confabuletur,
1047 1522 1118 1563 Dei
1150 1537 1231 1562 non
1265 1522 1467 1563 hominum
1500 1536 1595 1563 voce
1627 1522 1737 1578 loqui

245 1606 465 1663 putandum
489 1620 592 1655 esse,
620 1605 660 1646 id
684 1605 852 1646 divinius
877 1591 1063 1662 quiddam
1087 1614 1204 1662 atque
1227 1606 1416 1646 excelsius
1440 1619 1593 1662 sapere,
1619 1619 1735 1661 quam

246 1698 292 1731 ut
323 1704 345 1730 a
376 1691 489 1730 meris
522 1689 725 1729 hominum
758 1691 923 1745 ingeniis
960 1688 1207 1745 profluxerit.
1273 1688 1527 1730 Communem
1562 1690 1734 1729 omnium

248 1775 493 1829 opinionem,
537 1774 603 1828 qui
637 1771 756 1813 Sacra
790 1771 995 1828 Scriptura
1026 1771 1263 1813 familiariter
1294 1774 1355 1814 usi
1387 1781 1499 1822 sunt,
1543 1771 1736 1828 appellare

246 1857 353 1906 licet,
394 1871 525 1896 annon
563 1857 635 1896 iste
676 1855 772 1896 liber
812 1855 1047 1911 singularem
1081 1855 1276 1911 quandam
1308 1857 1385 1896 vim
1424 1870 1467 1895 ac
1502 1863 1734 1912 potestatem

248 1948 437 1981 exerceat.
500 1939 551 1979 Et
590 1952 711 1994 quum
752 1938 806 1979 ibi
838 1939 877 1978 in
910 1952 1146 1995 unaquaque
1178 1940 1321 1995 pagina
1353 1940 1594 1979 inveniamus
1627 1937 1734 1994 quod

249 2023 420 2079 dejectos
467 2024 609 2078 erIgat‚
659 2021 768 2077 quod
806 2023 920 2062 nimis
969 2021 1043 2063 sibi
1089 2022 1283 2078 placentes
1325 2024 1578 2077 repercutiat,
1627 2020 1736 2077 quod

247 2107 409 2148 latentes
449 2107 604 2146 virtutis
647 2105 840 2162 igniculos
881 2107 1061 2155 suscitet,
1112 2104 1221 2161 quod
1260 2104 1309 2146 ad
1348 2119 1477 2147 veram
1516 2103 1735 2145 felicitatem

249 2191 361 2246 quasi
383 2191 485 2229 viam
517 2190 686 2238 muniat,
721 2189 816 2229 haec
849 2191 984 2245 utique
1018 2189 1150 2229 divina
1182 2196 1295 2238 sunt,
1329 2203 1398 2230 nce
1420 2189 1641 2229 invenietur
1662 2202 1736 2228 un-

249 2287 385 2330 quam,
427 2271 532 2313 unde
570 2272 620 2312 ad
655 2272 850 2312 hominem
883 2273 1013 2312 venire
1045 2280 1227 2326 possent,
1270 2273 1344 2312 nisi
1377 2286 1399 2311 a
1430 2271 1527 2312 Deo.
1591 2269 1735 2312 Unius-

250 2357 441 2412 cujusque
483 2356 706 2410 scriptionis
747 2370 790 2396 ea
827 2353 1004 2411 profecto
1045 2363 1185 2395 natura
1225 2362 1300 2403 est,
1343 2362 1388 2394 ut
1424 2368 1495 2409 per
1533 2368 1572 2394 se
1605 2355 1733 2409 ipsum

250 2440 370 2481 surda
408 2441 459 2480 sit
497 2453 541 2479 ac
581 2446 707 2488 muta,
749 2446 786 2480 et
827 2439 859 2478 si
898 2437 994 2494 quid
1033 2438 1233 2493 rogaveris
1266 2435 1481 2477 verecunde
1523 2435 1733 2476 admodum

250 2524 372 2564 sileat.
435 2522 642 2571 Videlicet,
685 2530 730 2562 ut
770 2535 856 2562 cum
888 2520 1052 2562 Platone
1091 2520 1232 2576 loquar
1273 2516 1464 2572 (Phaedr.
1495 2533 1534 2574 p.
1567 2517 1651 2560 275
1685 2517 1735 2559 ad

352 2685 376 2728 ¹)
407 2685 435 2719 A
451 2684 666 2718 Vindication
693 2683 732 2718 of
747 2684 940 2719 Protestant
958 2682 1143 2729 Principles
1162 2682 1207 2729 by
1224 2681 1497 2716 Phileleutherus
1515 2681 1732 2729 Anglicanus.

251 2749 396 2784 London
424 2748 524 2783 1847.
558 2761 611 2795 pp.
638 2748 683 2784 48
709 2760 784 2795 sqq.
835 2749 912 2784 Scio
946 2748 1051 2783 fuisse
1087 2749 1172 2781 inter
1204 2753 1372 2782 nostrates
1409 2749 1465 2793 qui
1499 2759 1550 2782 me
1576 2753 1733 2793 tanquam

252 2815 351 2848 istius
386 2813 539 2859 opusculi
572 2820 741 2848 auctorem
769 2814 1053 2848 denunciaverint.
1105 2812 1202 2854 Quod
1230 2812 1278 2846 illi
1306 2813 1546 2846 criminationis
1572 2811 1647 2845 loco
1675 2811 1734 2845 ob-

247 2879 380 2923 jiciunt,
406 2879 440 2912 id
467 2891 528 2925 ego
556 2891 687 2913 summo
715 2891 789 2914 esse
811 2879 933 2914 honori
952 2877 1088 2924 deputo,
1115 2883 1230 2912 utrum
1248 2878 1414 2912 assentior
1433 2889 1473 2912 an
1490 2889 1558 2912 non
1578 2876 1733 2911 omnibus

253 2955 337 2988 quae
363 2944 396 2976 in
422 2943 488 2978 isto
515 2943 601 2978 libro
629 2943 857 2990 proferuntur.
