1867 3301
961 207 1059 254 160

260 356 382 404 petuo
414 355 587 388 versaret
607 342 632 399 ¹)
667 343 731 399 (cs.
761 346 880 388 Mich.
912 347 947 397 I,
980 347 1018 388 2.
1060 347 1176 388 Dent.
1208 345 1380 396 XXXII,
1409 344 1453 396 13
1493 346 1612 388 Mich.
1641 347 1674 395 Ι,
1709 345 1748 388 3.

262 431 378 472 Deut.
402 430 572 480 XXXII,
601 428 667 471 13.
701 430 888 480 XXXIII,
912 428 988 481 193
1017 429 1136 472 Mich.
1159 430 1209 480 II,
1234 428 1271 471 5.
1304 429 1420 472 Dent.
1442 429 1614 479 XXXII,
1639 428 1677 479 8,
1702 427 1749 479 9;

262 514 382 555 Mich.
400 514 448 563 V,
475 513 513 554 7.
562 513 677 554 Deut.
712 514 883 563 XXXII,
916 512 963 564 23
1012 513 1130 554 Mich.
1156 513 1229 563 VI,
1261 512 1300 554 2.
1349 512 1465 554 Deut.
1498 511 1669 562 XXXII,
1703 509 1749 562 13

262 597 381 638 Mich.
405 597 478 647 VI,
502 595 542 637 4.
592 596 708 638 Dent.
731 597 796 646 IV,
823 595 898 646 203
945 596 1064 638 Mich.
1088 596 1161 646 Vl,
1187 595 1226 638 8.
1275 595 1392 637 Dent.
1421 595 1479 645 X,
1507 593 1582 646 123
1629 595 1749 636 Mich.

263 679 335 730 VI,
374 678 439 721 10.
493 679 609 721 Dent.
643 680 773 729 XXV,
811 678 882 730 13,
922 677 996 730 163
1048 678 1167 721 Mich.
1191 679 1265 729 VI,
1304 678 1369 721 15.
1422 679 1538 720 Deut.
1571 678 1749 728 XXVIII,

265 760 492 816 38—40).
556 763 607 804 Et
653 778 773 819 quum
815 765 992 819 queritur
1030 763 1194 811 Michas
1222 765 1411 804 neminem
1452 777 1535 804 esse
1572 762 1752 818 probum

266 843 377 899 (VII,
411 843 484 900 2),
527 855 565 887 et
604 855 738 887 monet
776 846 921 887 nullam
961 861 1043 887 esse
1085 848 1122 887 in
1163 849 1358 902 promissa
1390 846 1526 887 tellure
1556 846 1750 903 requiem,

263 938 426 986 propter
465 930 680 971 incolarum
719 929 919 971 malefacta
961 926 1034 981 (II,
1070 926 1168 982 10),
1212 930 1488 971 Morasthaeus
1528 937 1662 970 noster
1698 930 1752 970 ita

264 1022 432 1069 usurpat
452 1013 644 1054 vocabula
674 1016 771 1080 Ἶῖξῒζ
803 1021 840 1054 ct
871 1016 1051 1080 ΠΠΠΞᾨ,
1084 1021 1130 1054 ut
1161 1012 1211 1054 ad
1242 1015 1415 1054 intimam
1437 1012 1525 1053 libri
1546 1011 1751 1054 Jasharani

265 1096 586 1153 significationem
626 1098 848 1152 pervenisse
882 1075 1073 1137 videatur.
1138 1095 1267 1149 Quum
1307 1098 1428 1152 igitur
1466 1098 1519 1137 ita
1551 1098 1751 1153 cognitum

255 1178 426 1231 ¹haberet
453 1188 530 1220 tam
553 1179 696 1221 librum
718 1179 997 1229 Jasharanum,
1032 1194 1148 1236 quam
1170 1179 1539 1230 Deuteronomium,
1574 1181 1751 1236 quaestio

267 1264 405 1313 oritur,
438 1271 571 1304 utrum
603 1265 629 1303 ii
663 1263 742 1304 duo
775 1262 864 1304 libri
893 1271 1040 1312 essent,
1076 1278 1124 1304 an
1154 1263 1249 1305 alter
1269 1265 1309 1304 in
1331 1263 1451 1305 altero
1476 1264 1750 1313 contineretur,

266 1347 429 1397 scilicet,
463 1346 836 1397 Deuteronomium,
872 1347 985 1404 quale
1017 1355 1112 1388 tunc
1142 1349 1329 1404 temporis
1363 1355 1481 1397 esset,
1515 1346 1752 1388 Jasharanae

267 1430 504 1471 collectionis
545 1438 694 1486 partem
734 1430 1018 1473 constitueret?
1055 1430 1111 1472 At
1149 1432 1250 1472 inter
1286 1430 1458 1472 Judaeos
1497 1429 1752 1487 regnantibus

265 1512 463 1563 Jothamo,
497 1513 648 1564 Ahaso,
683 1523 720 1556 et
750 1514 906 1564 Hiskia,
945 1523 1044 1571 quot
1074 1513 1196 1556 libros
1228 1514 1446 1571 relligiosos
1478 1513 1625 1570 publici
1649 1513 1752 1569 juris

267 1595 386 1637 fuisse
419 1597 647 1638 existimes?
688 1597 847 1651 Qualem
880 1597 1157 1639 bibliothecam
1189 1598 1405 1654 prophetae
1437 1597 1645 1648 concedas,
1686 1598 1751 1654 qui

267 1688 355 1721 ante
379 1680 608 1722 Archilochi
638 1689 800 1722 aetatem
832 1683 1003 1723 animum
1029 1681 1077 1722 ad
1102 1680 1347 1722 scribendum
1375 1680 1556 1737 appulit?
1587 1679 1639 1722 Ut
1662 1681 1753 1721 huic

267 1766 489 1820 quaestioni
528 1764 830 1815 satisfaciamus,
876 1773 921 1806 ut
959 1764 1268 1806 demonstremus
1308 1764 1541 1821 prophetam
1582 1763 1752 1806 Micham

266 1862 348 1888 non
380 1847 480 1888 duos
503 1847 564 1888 vel
595 1848 726 1904 plures
759 1847 880 1890 libros
912 1849 1152 1905 relligiosos,
1187 1847 1255 1889 sed
1275 1862 1398 1889 unum
1421 1847 1626 1889 dumtaxat
1646 1861 1753 1888 eum-

268 1945 343 1987 quc
374 1930 633 1972 Jasharanum
673 1931 777 1973 hunc
814 1940 902 1973 ante
935 1932 1072 1974 oculos
1105 1931 1310 1982 habuisse,
1352 1945 1432 1974 rem
1463 1932 1588 1988 ipsam
1618 1930 1751 1987 paullo

268 2014 382 2055 altius
413 2022 649 2071 repetamus.

387 2097 515 2152 Quum
551 2097 714 2140 Solomo
753 2113 880 2140 arcam
912 2098 1099 2149 foederis,
1141 2113 1258 2156 quam
1289 2100 1329 2139 in
1361 2097 1492 2139 aedem
1524 2097 1596 2139 Dei
1625 2105 1753 2139 trans⁴

268 2178 463 2222 serendam
499 2183 669 2232 curavit,
710 2184 966 2239 inspexisset,
1011 2182 1136 2224 »nihil
1174 2182 1250 2224 fuit
1279 2183 1320 2223 in
1351 2196 1440 2223 arca
1469 2189 1624 2238 praeter
1654 2180 1751 2222 duas

267 2262 421 2305 tabulas
447 2263 632 2320 lapidcaS,
667 2278 764 2321 quas
786 2265 919 2307 Moses
943 2265 995 2307 ibi
1018 2265 1067 2307 ad
1089 2264 1290 2306 Horcbum
1312 2272 1569 2322 reposuerat«
1593 2261 1633 2318 (1
1652 2263 1749 2320 Reg.

266 2346 371 2396 VIII,
396 2344 453 2400 9).
500 2346 703 2404 Regnante
735 2327 862 2389 autem
885 2348 1014 2398 Josia,
1049 2348 1193 2389 scilicet
1213 2357 1366 2390 centum
1390 2356 1427 2390 ct
1446 2349 1607 2404 triginta
1628 2360 1751 2387 annos

266 2438 360 2486 post
398 2429 590 2480 Micham‚
633 2427 828 2480 »ΗίΠςίειε7
870 2430 1051 2487 pontifex
1089 2433 1302 2481 maximus,
1347 2430 1562 2486 Shaphano
1604 2428 1751 2471 scribac

367 2611 391 2655 ²)
429 2606 527 2653 Quod
560 2607 647 2646 idern
682 2612 721 2646 de
747 2612 892 2647 Jeremia
923 2611 986 2646 dici
1012 2616 1141 2657 potest,
1176 2622 1274 2656 quem
1300 2610 1457 2645 nonnulli
1481 2615 1590 2645 totum
1618 2620 1692 2644 esse
1718 2609 1750 2644 in

266 2672 532 2710 Deuteronomio
567 2676 699 2710 citando
733 2681 834 2722 atque
866 2676 1028 2711 imitando
1063 2676 1270 2722 praedicant,
1303 2675 1337 2709 id
1371 2676 1405 2709 in
1438 2676 1564 2710 seriore
1590 2673 1752 2720 propheta

266 2741 409 2774 minoris
442 2741 602 2775 momenti
636 2746 696 2775 est.
749 2741 817 2775 Sed
849 2742 877 2775 si
901 2742 1048 2776 ,Ieremia
1073 2740 1205 2775 Ililkiae
1230 2740 1398 2785 pontificis
1424 2739 1514 2774 filius
1541 2738 1606 2773 fuit
1631 2738 1750 2782 (Clem.

266 2804 364 2839 Alex.
393 2804 518 2838 Strom.
544 2804 577 2847 1,
604 2817 634 2850 p.
655 2803 721 2839 142
749 2803 830 2849 [390
849 2804 1014 2850 PotterJ),
1042 2805 1097 2850 qui
1126 2810 1162 2838 ut
1186 2805 1331 2846 videtur,
1356 2804 1480 2839 librum
1497 2802 1752 2838 Deuteronomii

268 2878 309 2904 ex
335 2867 530 2904 Jasharanis
555 2868 722 2914 relliquiis
748 2870 782 2903 in
808 2869 932 2916 templo
960 2870 1167 2904 conservatis
1194 2868 1424 2915 amplificavit,
1456 2867 1552 2904 facile
1578 2873 1630 2903 est
1653 2866 1752 2902 iutel-

266 2932 389 2980 ligere,
417 2945 519 2981 quare
543 2933 634 2969 filius
660 2935 763 2969 istum
788 2933 912 2970 librum
938 2940 1003 2970 tam
1028 2935 1162 2981 penitus
1189 2935 1396 2981 cognoverit.
