1867 3301
903 196 999 242 142

204 337 393 378 Israelitas
427 336 619 393 Aegypto
659 350 840 392 egressos
889 350 972 376 esse
1010 343 1195 392 regnante
1234 333 1495 389 Menephtha,
1537 333 1691 381 scilicet,

206 422 357 461 circiter
373 418 521 462 MCCC
541 434 664 460 annos
687 427 775 460 ante
793 427 927 460 natum
951 417 1166 467 Christum,
1192 418 1250 458 vel
1274 419 1424 458 circiter
1446 414 1546 458 CCC
1571 431 1694 457 annos

207 511 293 545 ante
334 504 520 560 vtemplum
564 502 776 543 conditum.
849 501 987 543 Utrum
1038 502 1297 558 quadraginta
1337 500 1438 549 dies,
1486 514 1556 556 per
1594 513 1695 556 quos

208 586 348 628 imbres
372 586 593 628 ceciderunt
615 583 729 639 (Gen.
753 585 835 635 Vll,
865 583 947 638 12),
982 585 1031 625 ad
1053 585 1312 641 quadraginta
1333 597 1457 624 annos
1480 584 1519 623 in
1543 581 1695 623 deserto

207 670 439 726 absumptos
481 678 676 726 spectent,
726 684 775 709 an
822 669 870 709 ad
913 669 1030 709 alium
1070 670 1246 725 quemvis
1288 682 1480 708 annorum
1522 665 1696 707 ordinem

208 762 295 794 ante
329 753 513 810 templum
546 752 760 802 conditum,
797 768 876 793 11011
904 752 1090 807 dijudico.
1141 751 1219 807 Sed
1240 751 1336 792 illud
1358 758 1417 791 est
1437 748 1695 806 probabilius.

210 836 336 878 Ceteri
369 845 496 877 antem
540 835 612 878 CX
652 836 753 885 dies,
804 838 871 892 qui
911 850 961 876 ex
1004 834 1067 876 CL
1109 834 1284 876 deductis
1324 833 1585 890 quadraginta
1623 832 1697 873 illis

210 928 423 976 supersunt
464 917 578 973 (Gen.
601 919 683 969 VII,
709 915 801 971 24),
842 920 1037 975 pertinere
1074 926 1245 973 possunt
1275 917 1325 958 ad
1357 931 1549 957 annorum
1580 917 1699 956 inter-

210 1004 353 1045 vallum
376 1005 476 1044 inter
497 1018 623 1044 arcam
648 1019 666 1043 a
689 1003 909 1043 philistaeis
940 1009 1207 1057 recuperatam
1240 1009 1277 1041 et
1298 999 1470 1055 ejusdem
1493 1001 1530 1040 111
1554 998 1698 1055 templo

213 1088 514 1129 translationem.
581 1085 783 1127 Tribuunt
822 1087 921 1126 0111111
964 1084 1134 1126 Samueli
1166 1083 1247 1125 XX
1278 1098 1424 1133 annos,
1460 1082 1581 1124 Saulo
1613 1082 1697 1131 XL,

213 1170 351 1211 Davidi
395 1170 577 1220 totidem3
621 1169 765 1225 (111111115
799 1171 829 1209 si
864 1167 998 1224 adjicis
1030 1167 1100 1208 VH
1132 1183 1255 1209 annos
1291 1166 1538 1216 Solomonis,
1580 1165 1700 1207 confi-

212 1256 312 1294 citur
344 1268 494 1294 summa
524 1268 717 1294 annorum
744 1251 860 1294 CVII.
907 1251 985 1293 Sed
1019 1254 1145 1292 omnis
1178 1252 1271 1292 haec
1303 1265 1554 1292 numerorum
1587 1251 1702 1290 aesti-

214 1340 329 1378 matio
370 1339 450 1378 seio
493 1336 671 1393 equidem
713 1351 829 1392 quam
871 1338 1015 1377 incerta
1054 1337 1124 1385 sit,
1167 1344 1205 1376 et
1242 1335 1479 1376 dubitationi
1511 1332 1698 1374 obnoxia.

214 1420 302 1462 Sint
334 1423 397 1462 isti
429 1422 592 1469 numeri,
625 1428 672 1461 ut
703 1428 807 1461 sunt.
862 1419 966 1461 Satis
998 1427 1125 1460 tamen
1159 1433 1354 1475 superque
1378 1424 1532 1458 constat
1551 1415 1701 1458 Noachi

215 1520 355 1545 nomen
388 1512 426 1545 et
448 1504 638 1544 diluvium
660 1511 973 1559 repraesentasse
996 1502 1127 1559 sugam
1149 1502 1264 1559 probi
1286 1501 1426 1558 populi
1445 1515 1493 1541 ex
1515 1500 1700 1557 Aegypto

214 1597 252 1629 et
281 1588 532 1629 fluctuantem
553 1586 814 1628 Israelitarum
845 1586 1053 1636 fortunam,
1089 1586 1213 1627 donec
1239 1587 1473 1642 promissam
1495 1583 1568 1625 sihi
1591 1598 1703 1625 suae-

215 1686 289 1727 que
331 1671 523 1728 relligioni
562 1670 879 1726 tranquillitatem
923 1670 996 1711 sub
1035 1670 1196 1726 pacifico
1231 1684 1274 1709 ac
1304 1670 1456 1725 potenti
1488 1667 1702 1709 Solomone

216 1763 531 1811 assequerentur.
598 1753 714 1808 Quod
753 1752 939 1794 Noachus
979 1755 1172 1809 principio
1213 1767 1391 1801 corvum,
1435 1751 1573 1792 deiude
1609 1766 1702 1791 vero

217 1838 435 1879 columbam
468 1838 659 1887 emiserit,
693 1836 802 1893 quod
834 1837 895 1878 ille
928 1837 1085 1893 quidem
1111 1839 1307 1878 incassum
1329 1834 1513 1877 avolabat
1533 1843 1572 1876 et
1590 1849 1705 1876 revo-

218 1921 322 1962 labat
343 1917 379 1974 ¹),
415 1921 539 1962 1101100
570 1936 693 1978 aquae
719 1923 1020 1969 exsiccarentur,
1056 1920 1150 1961 haec
1182 1929 1323 1969 autem,
1358 1917 1529 1961 secundo
1561 1917 1702 1967 reditu,

218 2005 323 2045 oleae
349 2004 483 2045 solium
506 2006 605 2046 circa
627 2018 829 2061 vesperam
851 2006 1123 2060 reportaverit,
1159 2003 1255 2044 illud
1276 2005 1446 2060 respicit,
1480 2011 1525 2043 ut
1556 2004 1595 2043 111
1617 2004 1703 2058 11150

216 2088 451 2144 Fragmeuto
485 2088 722 2144 significavi,
766 2087 815 2128 ad
847 2089 1059 2144 inquietam
1091 2089 1234 2144 prioris
1266 2088 1454 2143 temporis
1487 2086 1703 2134 historiam,

219 2187 335 2227 quam
357 2170 520 2212 Davidis
550 2171 664 2221 filius,
699 2171 870 2212 secundo
903 2186 1025 2228 regno
1056 2179 1149 2228 post
1171 2170 1347 2220 Saulum,
1380 2169 1534 2211 tandem
1567 2167 1705 2209 faustis

220 2254 416 2295 ominibus
448 2256 681 2295 terminavit.

336 2338 395 2378 111.
443 2337 508 2378 Ad
548 2339 700 2378 tertiam
739 2336 875 2378 diluvii
914 2336 1117 2378 Noachani
1160 2338 1473 2393 explanationem
1514 2337 1704 2376 transiens

221 2422 320 2462 illico
354 2420 546 2462 secundae
578 2420 804 2477 ampliorem
838 2421 1169 2462 confirmationem
1202 2422 1418 2461 nanciscor.
1466 2417 1563 2459 Nam
1595 2432 1706 2474 prae-

323 2574 345 2616 ¹)
378 2573 490 2607 Verba
524 2574 630 2631 311ῄηῖ
649 2573 742 2630 &532
762 2578 858 2623 837]-
888 2572 984 2615 (Gen.
1005 2571 1099 2614 VIII,
1120 2570 1155 2615 7)
1191 2570 1306 2605 multis
1335 2570 1574 2616 interpretibus
1602 2581 1706 2616 nego-

223 2645 303 2677 tium
339 2643 593 2678 facessiverunt.
646 2644 690 2678 Ut.
721 2643 801 2678 mihi
837 2643 972 2688 quidem
1007 2643 1158 2683 videtur,
1200 2643 1397 2677 secundaria
1430 2641 1487 2675 illa
1521 2641 1706 2687 praedicata

221 2714 470 2760 (Comparative
498 2715 643 2749 IIebrew
671 2715 842 2749 Grammar
876 2720 935 2748 art.
954 2712 1009 2748 68,
1037 2725 1108 2759 pag.
1128 2712 1190 2756 65)
1219 2714 1344 2747 irritam
1372 2712 1462 2746 illam
1489 2713 1580 2747 corvi
1608 2712 1707 2746 emis-

223 2786 351 2820 sionem
379 2785 577 2831 significant.
629 2785 761 2820 Corvus
795 2785 849 2820 ille
877 2785 965 2819 ultro
995 2786 1146 2830 citroque
1173 2784 1308 2819 volabat
1334 2785 1417 2818 circa
1444 2796 1570 2826 arcam,
1598 2782 1708 2817 noluit

223 2863 332 2892 autem
366 2857 558 2891 mandatum
593 2857 718 2891 Noachi
753 2857 918 2903 perlicere.
983 2855 1033 2891 Cf.
1067 2855 1189 2902 Virgil.
1224 2856 1345 2901 Georg.
1379 2856 1412 2898 I,
1445 2853 1530 2890 387:
1569 2853 1706 2888 ··stu‹lio

222 2932 411 2963 ‘incussum
436 2929 560 2975 gestire
585 2928 746 2964 lavandi.«
