1867 3301
788 184 888 233 265

91 328 273 378 redirent,
306 327 566 384 provinciales
600 342 694 368 suos
726 342 799 384 pro
833 327 1094 384 lignatoribus
1128 325 1331 377 tractabat,
1367 338 1405 370 et
1436 332 1473 371 iu
1501 346 1587 372 cae-

92 412 234 461 dendo,
269 411 452 461 dolando,
487 419 524 452 ct
554 410 752 467 portando
786 411 923 452 cedros
958 420 1074 468 atque
1109 410 1254 452 abietes
1288 415 1381 453 satis
1415 428 1481 454 eos
1507 416 1585 456 sol-

91 497 218 538 licitos
260 495 439 538 habebat.
496 494 627 552 Atque
661 496 754 536 haec
788 510 926 551 opera,
968 498 1007 536 in
1042 494 1317 538 Charoshetha
1349 511 1419 538 sua
1451 498 1585 540 mode-

92 579 265 622 rabatur.
330 578 534 628 Similiter,
575 578 835 621 Athenienses
877 578 964 620 urbi
1006 580 1078 629 illi,
1125 594 1202 636 qua
1242 583 1393 637 argenti
1431 582 1586 624 metalla

93 663 344 713 exercebant,
385 665 603 716 Λαυρεῖον
623 658 648 715 ¹)
690 678 833 704 nomen
872 662 1120 712 indiderunt,
1162 660 1248 704 ἀπὸ
1287 664 1371 705 τῶν
1401 663 1584 720 λαυρῶν,

93 750 117 789 i.
142 763 173 789 e.
199 747 369 789 »fodinis
401 746 693 797 metallorum3«
726 726 842 803 atque
876 746 967 788 alibi
999 748 1218 788 invenimus
1252 748 1427 790 similiter
1458 751 1586 806 impo-

92 834 185 873 sitas
225 830 383 873 urbium
424 831 717 888 appellationes.
773 830 824 871 Et
864 830 972 888 quod
1010 831 1060 871 ad
1097 833 1244 872 servitii
1276 847 1400 889 genus
1435 836 1582 885 attinet,

91 915 226 957 eodem
258 914 377 956 modo
410 915 535 956 Josua
568 915 650 970 jam
683 923 795 955 antea
829 913 1058 956 Gibeonitas
1090 923 1337 957 tractaverat.
1384 916 1584 968 »Vivant,‹<

91 998 305 1056 inquiebat,
341 998 436 1040 »sed
468 1001 547 1039 sint
578 999 790 1055 lignatores
825 1006 862 1040 ct
891 998 1045 1040 lixones
1067 998 1244 1056 publici«
1279 997 1379 1053 (Jos.
1402 1000 1469 1051 IX,
1496 999 1582 1055 21).

89 1083 225 1142 Neque
257 1084 360 1125 illam
391 1083 511 1140 hujus
545 1084 733 1124 historiae
764 1090 914 1139 partem
948 1083 1101 1124 silentio
1134 1086 1343 1139 praeterire
1370 1085 1582 1141 oportebit,

91 1183 190 1226 quae
223 1183 272 1210 ex
296 1167 458 1210 Cantico
476 1167 578 1208 zsolo
612 1169 805 1208 innotuit:
837 1182 974 1224 nempe
1010 1169 1139 1208 omnia
1167 1166 1304 1209 bellica
1325 1170 1585 1212 instrumenta

91 1261 183 1294 tunc
220 1254 409 1310 temporis
446 1253 553 1308 genti
586 1250 758 1292 devictae
792 1251 962 1292 defuisse
996 1249 1049 1305 (v,
1075 1249 1140 1305 8):
1184 1267 1336 1309 »neque
1370 1255 1471 1295 enim
1504 1254 1585 1311 cly-

89 1352 186 1394 peus
217 1352 288 1378 nec
313 1336 488 1392 jaculum
520 1334 793 1377 inveniebatur
824 1338 864 1377 in
897 1335 1158 1393 quadraginta
1190 1336 1360 1378 millibus
1392 1338 1584 1380 Israelita-

89 1435 209 1462 rum.«
258 1420 427 1463 Caverat
456 1422 593 1476 utique
627 1418 736 1461 Sisra
769 1435 816 1460 nc
849 1419 899 1461 ad
929 1419 1073 1460 bellum
1106 1421 1168 1460 via
1201 1421 1316 1461 nimis
1349 1409 1484 1478 aperta
1515 1438 1584 1479 pa-

88 1514 198 1547 teret.
255 1504 373 1559 Quod
412 1504 513 1545 idem
551 1513 692 1560 postea
724 1505 937 1545 voluerunt
966 1503 1189 1555 Philistaei,
1232 1520 1354 1562 quum
1392 1505 1585 1549 edicerent

90 1586 130 1643 (1
157 1588 262 1632 Sam.
284 1588 384 1638 XIII,
413 1586 496 1642 19),
532 1602 605 1629 »ne
628 1587 795 1629 Hebraei
828 1588 902 1629 sibi
934 1587 1086 1645 gladios
1121 1597 1189 1630 aut
1220 1589 1353 1630 hastas
1381 1589 1584 1634 facerent.«

88 1673 143 1715 At
163 1688 256 1714 vero
289 1675 446 1714 minime
479 1680 633 1714 constat
653 1672 825 1730 Baraqui
859 1673 967 1713 illum
1001 1675 1215 1714 exercitum
1236 1676 1421 1715 inermem
1444 1675 1582 1718 fuisse:

89 1757 158 1799 sed
189 1772 239 1798 ex
270 1758 468 1798 contrario
501 1758 679 1798 innuitur
711 1753 759 1810 (c.
779 1757 846 1806 IV,
874 1755 940 1806 15,
968 1753 1038 1809 16)
1072 1757 1203 1799 Sisrae
1236 1760 1369 1815 copias
1392 1761 1431 1800 vi
1464 1768 1502 1801 et
1523 1775 1584 1802 ar-

90 1843 161 1882 mis
199 1843 241 1882 in
280 1840 411 1898 fugam
451 1855 535 1882 esse
568 1842 775 1896 conjectas.
833 1839 986 1894 Quibus
1019 1850 1147 1883 autem
1179 1842 1328 1883 armis?
1375 1842 1581 1901 Shamgar,

91 1939 176 1966 cum
215 1938 332 1981 grege
372 1939 445 1965 suo
478 1923 760 1974 bubulcorum,
801 1923 950 1966 baculis
983 1924 1128 1982 quibus
1160 1925 1284 1968 boves
1317 1927 1581 1978 stimulantur,

89 2010 285 2066 ingentem
315 2007 619 2050 philistaeorum
653 2017 822 2066 stragem
860 2011 1033 2066 patravit
1065 2006 1113 2062 (c.
1137 2010 1203 2060 ΠΙ,
1229 2007 1314 2064 31).
1361 2010 1412 2052 Et
1443 2014 1475 2052 si
1507 2011 1584 2053 Ba-

89 2107 237 2149 raquus
270 2092 506 2150 lignatorum
541 2092 670 2135 decem
702 2093 820 2134 millia
842 2092 892 2134 ad
915 2092 1112 2135 'faborem
1124 2090 1152 2147 ²)
1176 2094 1452 2152 congregabat,
1487 2096 1583 2153 quid

90 2176 222 2218 obstat
253 2179 348 2234 quin
379 2192 470 2218 suas
504 2191 634 2218 secum
656 2191 824 2227 secures,
860 2177 1005 2234 quibus
1028 2177 1188 2220 arbores
1212 2178 1425 2222 caedebant
1449 2206 1490 2212 -
1516 2196 1583 2223 ne-

191 2369 214 2409 ¹)
246 2366 334 2402 Vide
362 2365 540 2408 VVelckem
577 2366 629 2401 die
654 2365 918 2413 Aeschyleische
944 2366 1119 2414 Trilogie,
1152 2380 1183 2413 p.
1202 2367 1289 2410 212;
1324 2369 1582 2414 VVordsworth,

87 2439 217 2474 Athens
244 2439 308 2473 and
334 2439 462 2481 Attica,
490 2450 521 2484 p.
540 2437 610 2473 209
628 2450 660 2472 n.

188 2512 213 2554 π)
248 2511 397 2546 Taboris
423 2523 545 2546 nomen
571 2512 605 2545 in
630 2515 750 2546 nostro
770 2509 909 2545 cantico
938 2509 1063 2544 frustra
1091 2512 1295 2557 quaesieris;
1323 2512 1383 2547 sed
1410 2525 1506 2548 mons
1526 2514 1582 2550 ille

89 2582 312 2628 proculdubio
344 2583 553 2630 significatur
577 2583 690 2618 verbis
717 2584 764 2626 (v.
791 2581 870 2625 18):
911 2583 1011 2625 3'1'1'12)
1038 2588 1167 2626 ἾῃῚἾγ)
1196 2570 1264 2636 by,
1299 2596 1373 2618 nam
1402 2587 1514 2629 05772
1542 2586 1582 2621 de

89 2653 261 2688 montibus
288 2654 497 2700 praedicatur
523 2655 599 2697 (ΕΖ.
617 2654 740 2697 XVII,
766 2653 830 2697 23;
863 2627 1019 2695 Ps.v'11‚
1038 2652 1077 2695 8;
1104 2655 1175 2689 Jes.
1195 2655 1335 2698 XXVI
1354 2657 1409 2700 5),
1445 2659 1582 2694 ethaec

90 2724 287 2770 descriptio:
318 2725 492 2760 -Zebulon
520 2732 571 2761 est
595 2726 743 2773 populus
772 2727 828 2772 qui
857 2727 957 2760 vitam
984 2725 1023 2760 ad
1052 2732 1195 2761 mortem
1221 2739 1332 2774 usque
1358 2728 1454 2763 nihili
1482 2733 1581 2764 aesti—

91 2797 205 2838 mavit,
231 2802 263 2830 et
280 2795 459 2842 Naphthali
485 2800 524 2832 in
549 2800 706 2833 excelsis
731 2799 828 2845 agri,=·
854 2798 894 2832 ad
915 2799 1075 2832 amussim
1096 2800 1243 2833 concinit
1261 2811 1333 2834 cum
1357 2800 1425 2835 illis
1446 2801 1580 2847 capituli

90 2866 316 2902 antecedentis
343 2867 455 2902 verbis
482 2867 528 2912 (v.
553 2867 608 2913 6):
639 2869 750 2905 ·Vade
778 2875 810 2904 et
837 2881 962 2915 occupa
990 2870 1159 2906 Taborem
1188 2877 1336 2908 montem
1364 2884 1438 2907 cum
1466 2872 1578 2908 decem

89 2938 240 2974 millibus
265 2938 555 2985 Naphthalitarum
583 2941 944 2985 et,Zebulonitarum.·
