1867 3301
832 215 896 261 35

116 356 184 398 sed
216 355 430 397 humanum
471 369 554 396 esse
587 362 624 395 et
656 362 902 395 mansuetum
936 367 1027 410 erga
1061 340 1215 402 omnes,
1258 351 1514 408 prolatandae
1548 366 1613 392 co-

115 441 283 497 gnitioni
316 439 509 488 deditum,
550 437 761 479 calumnias
794 436 1044 486 tolerantem,
1088 450 1238 478 summa
1270 450 1425 476 morum
1456 434 1613 477 lenitate

116 525 368 580 castigantem
402 537 469 563 cos
503 522 570 578 qui
602 521 712 564 aliter
744 522 938 570 sentiunt,
974 522 1005 561 si
1041 519 1139 561 sorte
1173 519 1240 560 dat
1271 519 1345 560 illis
1379 518 1485 560 Deus
1517 533 1614 575 poc-

115 609 316 648 nitentiam
356 605 406 647 ad
437 606 638 646 veritatem
679 604 1012 661 cognoscendam,
1057 605 1088 644 si
1130 601 1230 644 forte
1270 602 1419 659 laqueis
1452 618 1492 644 se
1523 616 1614 659 pee-

116 693 189 732 cati
221 690 450 747 expediant,
486 703 607 746 quum
639 696 872 745 praeceptor
904 702 971 728 eos
1004 695 1191 744 tanquam
1214 686 1417 727 hominum
1440 687 1615 742 piscator

115 789 138 815 a
172 774 424 816 tumultuosis
466 771 603 814 mundi
645 771 832 817 fluctibus
875 773 1080 827 eripuerit,
1123 778 1240 827 atque
1280 769 1329 811 ad
1360 769 1432 811 Dei
1472 770 1614 811 volun-

116 865 233 900 tatem
267 856 557 914 exsequendam
591 855 814 896 adduxerit.
828 870 845 889 «

236 940 355 995 Quod
402 939 451 981 ad
496 939 601 980 hunc
642 938 815 980 laborem
857 939 1013 988 attinet,
1064 939 1103 979 in
1144 936 1370 994 fragmentis
1412 935 1614 978 Hebraicis

117 1024 364 1067 enucleandis
397 1025 592 1080 positum,
628 1024 721 1064 satis
755 1022 935 1079 equidem
968 1023 1047 1062 scio
1081 1036 1161 1062 rem
1195 1036 1276 1062 non
1309 1022 1362 1062 ita
1396 1022 1434 1061 in
1463 1020 1613 1078 liquido

117 1123 222 1158 esse,
263 1116 309 1148 ut
342 1108 472 1148 omnia
505 1114 543 1147 et
574 1106 729 1163 singula
760 1121 833 1163 pro
869 1108 981 1147 certis
1015 1105 1247 1146 habeantur.
1299 1103 1487 1161 Quisquis
1513 1106 1614 1145 enim

117 1206 264 1233 easeam
297 1206 341 1232 ac
371 1190 547 1232 mutilam
580 1191 854 1246 antiquitatem
887 1188 961 1230 sibi
993 1189 1235 1230 tractandam
1258 1190 1396 1238 sumit,
1432 1187 1473 1237 ἒς
1495 1184 1613 1243 ἄφα-

117 1277 184 1325 νὲς
221 1271 297 1316 τὸν
335 1273 483 1328 μῦθον
525 1271 748 1322 ἀνενείκας
788 1268 867 1314 ov’n
902 1271 988 1325 ἔχει
1020 1271 1195 1325 ἔλεγχον
1227 1270 1400 1326 (Herod.
1430 1272 1481 1321 Π,
1517 1268 1611 1324 23).

115 1358 244 1400 Erunt
273 1373 366 1415 ergo
402 1358 641 1415 complures,
677 1357 821 1414 quibus
854 1372 977 1399 meam
1009 1359 1201 1398 rationem
1234 1372 1315 1398 non
1347 1357 1418 1397 sim
1451 1370 1615 1412 persua-

117 1456 254 1492 surus;
296 1441 360 1482 alii
393 1440 606 1483 concedent
639 1441 960 1482 verisimillimum
992 1455 1076 1481 esse
1110 1442 1259 1490 omnia,
1303 1454 1401 1497 quae
1436 1440 1615 1496 disposui

118 1524 351 1582 fragmenta,
401 1524 451 1565 ad
490 1524 746 1566 Jasharanam
796 1524 899 1565 illam
947 1523 1216 1580 anthologiam
1263 1523 1464 1566 referenda
1509 1538 1615 1573 essc3

118 1608 186 1650 sed
227 1608 267 1649 id
304 1623 385 1649 non
425 1610 479 1649 ita
518 1608 642 1649 fixum
685 1616 911 1665 certumque
951 1622 1054 1657 esse,
1100 1615 1146 1648 ut
1186 1607 1444 1649 demonstrari
1485 1616 1614 1665 queat.

117 1690 170 1733 Ut
208 1691 310 1733 dixit
342 1692 433 1733 olim
466 1693 528 1733 vir
567 1691 726 1749 quidam
766 1693 806 1733 in
848 1692 908 1732 his
946 1691 1085 1732 litteris
1118 1693 1319 1748 princeps:
1362 1700 1615 1749 »argumenta

119 1790 251 1817 omnes
285 1775 535 1822 difficultates
567 1777 810 1817 removentia
838 1774 1079 1831 produxisse
1104 1776 1260 1815 minime
1283 1775 1412 1816 credo.
1463 1774 1615 1828 Quodsi

118 1860 179 1900 cui
212 1874 363 1900 summa
395 1861 637 1917 quaestionis
671 1859 933 1915 displicuerit,
976 1860 1104 1915 capiat
1135 1858 1225 1899 inde
1259 1866 1384 1899 cetera
1415 1858 1545 1907 utilia,
1583 1860 1614 1898 si

118 1957 195 1999 qua
227 1942 354 1985 obiter
386 1943 606 1984 docuimus.
657 1942 737 1984 Sed
768 1942 865 1983 nihil
890 1941 1094 1998 prohibet,
1131 1943 1342 1998 quominus
1365 1950 1502 1983 nostra
1524 1956 1615 1983 vera

118 2028 235 2067 sint.«
283 2025 382 2067 Nam
415 2041 529 2067 nemo
562 2041 738 2083 unquam
771 2027 1111 2082 argumentatione
1144 2026 1315 2074 evincet,
1351 2033 1396 2066 ut
1420 2025 1542 2065 ullum
1575 2026 1614 2065 in

117 2109 194 2150 hoc
234 2109 333 2150 libro
374 2108 635 2166 fragmentum
667 2109 887 2151 Jasharano
928 2110 1168 2165 syntagmati
1206 2107 1509 2164 abjudicandum
1551 2110 1613 2158 sit,

120 2200 157 2233 et
189 2207 310 2249 quum
341 2194 616 2250 unusquisque
648 2195 774 2250 prima
806 2194 1060 2242 concesserit,
1096 2207 1210 2233 nemo
1245 2194 1524 2249 consequentia
1556 2207 1615 2233 re-

117 2275 345 2333 prehendet.
409 2276 561 2333 Atque,
601 2284 647 2318 ut
686 2285 732 2318 ut
771 2284 954 2318 censeant
988 2278 1059 2317 viri
1100 2275 1206 2317 docti
1239 2275 1286 2317 de
1319 2277 1461 2317 criticis
1494 2275 1615 2331 hujus

120 2361 249 2416 operis
281 2359 523 2409 rationibus,
557 2359 730 2401 manebit
761 2368 890 2402 tamen
922 2359 1031 2401 haud
1062 2362 1221 2401 minima
1253 2359 1359 2410 laus,
1396 2359 1505 2416 quod
1535 2361 1617 2416 pri-

118 2457 205 2484 mus
246 2443 363 2484 docui
404 2442 598 2485 dorsalem
638 2444 835 2501 quandam
873 2446 1025 2500 spinam
1057 2458 1127 2500 per
1158 2451 1286 2485 totum
1317 2443 1443 2484 Vetus
1477 2442 1617 2483 Testa—

117 2534 291 2568 mentum
323 2541 498 2577 currere,
534 2527 723 2583 disruptis
757 2526 934 2584 quidem,
969 2526 1038 2568 sed
1070 2528 1170 2568 inter
1202 2541 1242 2568 sc
1266 2525 1614 2575 consentientibus,

118 2609 328 2660 vertebris,
365 2624 463 2667 quae
496 2612 620 2666 ipsam
654 2610 808 2652 divinae
830 2612 1006 2652 veritatis
1039 2610 1247 2652 medullam
1280 2611 1494 2659 contineat,
1530 2610 1617 2666 qui—

119 2691 194 2732 bus
234 2701 373 2734 cuneta
420 2693 484 2734 illa
522 2692 650 2735 Biblia
689 2709 833 2735 nervos
876 2708 972 2736 suos
1014 2708 1058 2735 ac
1100 2695 1201 2735 vires
1243 2701 1420 2750 acceptas
1460 2691 1615 2733 referre.

118 2774 267 2817 Verum
306 2778 524 2826 enimvero,
566 2777 702 2819 laudes
742 2777 948 2820 hominum
990 2790 1072 2819 non
1105 2791 1295 2832 aucupor.
1358 2775 1513 2817 Judicia
1544 2774 1618 2816 ho-

118 2860 267 2900 minum
314 2874 395 2900 non
441 2861 629 2916 suspicio.
695 2860 893 2902 »Domino
942 2874 1030 2902 mco
1079 2869 1148 2901 aut
1193 2858 1307 2901 stabo
1347 2867 1417 2901 aut
1457 2857 1616 2900 cadam«

121 2938 252 2995 (Rom.
276 2941 381 2992 XlV,
405 2940 462 2996 4).
522 2942 574 2984 Et
606 2957 726 3000 quum
760 2943 893 2986 divina
926 2957 987 2986 me
1018 2942 1269 3000 providentia
1301 2957 1323 2983 a
1348 2942 1450 2998 juris
1484 2940 1617 2982 studio

1284 3021 1333 3058 3}
