1867 3301
263 341 379 383 verba
411 344 633 385 memoriter
654 344 838 393 tenuisse,
874 343 969 400 quid
1001 345 1143 385 rationi
1166 345 1289 401 magis
1313 353 1616 386 consentaneum
1638 353 1751 396 esset,

262 439 377 482 quani
409 427 474 468 illa
505 429 591 483 ipsa
622 429 740 468 trium
765 441 947 469 versuum
981 429 1126 478 citatio,
1161 441 1277 485 quam
1301 427 1542 485 Sospitatori
1573 427 1755 470 tribuunt

260 509 560 567 Evangelistae'?
600 510 679 552 Sed
711 511 1013 562 consideremus,
1049 511 1145 568 quid
1177 514 1238 562 sit,
1273 526 1342 553 cur
1362 511 1477 553 Jesus
1509 519 1661 554 tantum
1693 512 1753 554 his

261 593 440 635 versibus
474 594 706 645 attribuerit,
741 603 786 636 ut
816 597 899 636 istis
932 610 1025 652 prae
1059 594 1240 638 omnibus
1274 596 1357 637 aliis
1389 598 1428 637 in
1445 595 1586 638 Vetere
1616 596 1756 638 Testa-

262 680 379 719 menti
412 679 506 719 locis
539 678 603 720 tali
623 687 799 736 tempore
820 687 1009 721 uteretur.
1051 679 1136 722 Jam
1159 695 1266 730 vero,
1300 694 1347 721 ne
1369 679 1606 722 mundanam
1627 681 1753 721 victus

261 765 527 803 necessitatem
570 765 689 804 nimia
729 763 988 805 sollicitudine
1030 779 1259 821 urgeamus,
1310 764 1418 820 quod
1456 765 1581 820 prima
1622 765 1753 804 citatio

262 845 464 896 admonet,
517 847 558 887 id
598 847 743 888 scilicet
781 847 858 889 sere
898 856 1130 904 perpetuum
1173 856 1231 889 est
1271 846 1515 890 Christianae
1556 847 1754 907 doctrinae

263 939 547 987 argumentum.
592 930 691 972 Nam
724 931 826 972 dixit
846 931 982 972 Jesus:
1016 932 1161 973 »nolite
1185 931 1339 972 solliciti
1361 946 1444 972 esse
1467 931 1636 973 dicentes
1660 931 1755 988 quid

262 1014 583 1056 manducabimus
607 1023 674 1056 aut
696 1015 791 1071 qnid
812 1014 1012 1066 bibemus3
1037 1017 1209 1071 quaerite
1231 1024 1358 1056 autem
1382 1017 1570 1072 imprimis
1591 1030 1754 1072 regnum

263 1097 334 1138 Dei
357 1106 394 1139 et
406 1099 612 1152 justitiam
635 1099 730 1154 ejus,
759 1107 796 1140 et
819 1100 949 1140 omnia
970 1099 1065 1140 haec
1087 1098 1317 1155 adjicientur
1338 1098 1480 1140 vobis«
1514 1096 1671 1153 (Matth.
1686 1099 1752 1149 VI,

264 1179 451 1223 31—33.
485 1181 531 1222 cf.
556 1182 755 1232 Deut.V1‚
780 1181 867 1236 25).
917 1182 1034 1237 Quod
1058 1192 1187 1224 antem
1211 1182 1382 1224 secunda
1404 1185 1535 1224 citatio
1559 1183 1752 1234 admonet,

263 1273 308 1306 ut
338 1265 421 1306 Deo
455 1266 529 1307 soli
561 1268 788 1317 serviamus,
822 1267 863 1308 id
884 1282 977 1308 vero
1011 1282 1190 1324 magnam
1214 1266 1503 1309 Christianismi
1533 1276 1685 1325 partem
1715 1269 1755 1309 in

263 1364 303 1390 se
337 1349 644 1406 comprehendit.
688 1350 787 1392 Nam
818 1352 925 1393 nulla
956 1351 1034 1393 fere
1066 1354 1226 1408 gravior
1257 1359 1316 1393 est
1338 1350 1486 1393 Christi
1516 1351 1754 1408 praedicatio

264 1447 379 1490 quam
411 1433 493 1474 illa:
536 1449 675 1476 »nemo
713 1434 847 1491 po‘test
878 1435 1047 1476 dominis
1080 1431 1237 1477 duobus
1271 1437 1439 1486 servire3
1477 1450 1559 1477 non
1589 1436 1755 1491 potestis

264 1517 347 1558 Deo
381 1520 525 1559 servire
558 1526 596 1560 et
626 1533 893 1561 mammonae«
928 1518 1179 1573 (Matth.VI,
1206 1517 1292 1573 24).
1334 1519 1390 1561 At
1420 1521 1616 1561 enimvero
1649 1518 1757 1560 haud

263 1603 316 1642 ita
346 1604 597 1658 perspicuum
631 1611 689 1644 est
721 1603 815 1659 quid
849 1602 922 1644 sibi
943 1603 1037 1644 velit
1066 1612 1317 1660 praeceptum
1350 1603 1467 1654 illud,
1503 1603 1612 1660 quod
1641 1605 1756 1644 tertia

265 1688 446 1727 citatione
469 1689 709 1728 continetur:
734 1702 839 1729 »non
861 1687 1030 1729 tentabis
1047 1686 1237 1728 Jehovam
1254 1686 1380 1728 Deum
1401 1695 1526 1737 tuum,
1551 1689 1652 1728 sicut
1672 1695 1756 1728 ten—

264 1772 355 1810 tasti
377 1785 464 1811 eum
487 1772 526 1811 in
548 1771 634 1812 loco
658 1773 919 1812 tentationis«
962 1769 1066 1812 Haec
1087 1773 1250 1813 tentatio
1275 1771 1400 1827 qualis
1426 1769 1544 1812 fuerit
1562 1778 1757 1812 testantur

264 1861 341 1895 tres
374 1854 631 1896 Pentateuchi
661 1863 815 1896 textus:
862 1853 993 1897 Exod.
1023 1854 1152 1905 XVII,
1186 1853 1328 1896 2-*7.
1369 1853 1485 1896 Num.
1516 1853 1614 1904 XX,
1643 1853 1690 1903 3,
1713 1851 1754 1895 4.

265 1936 358 1978 ibid.
381 1938 497 1988 XXI,
522 1937 562 1988 4,
588 1938 626 1980 5.
668 1938 873 1981 Summum
904 1939 958 1981 ibi
989 1948 1190 1996 peccatum
1219 1937 1338 1981 fuisse
1369 1947 1506 1981 auctor
1527 1946 1586 1980 est
1605 1937 1755 1980 Psaltes

267 2018 407 2074 (XCV,
433 2020 459 2064 8
483 2020 607 2080 sqq.):

478 2132 530 2169 Ne
554 2131 741 2170 obduretis
765 2132 875 2171 corda
895 2139 1028 2180 vestra,
1051 2133 1146 2171 sieut
1166 2132 1323 2171 Meribae
1346 2131 1484 2171 sactum
1507 2138 1572 2179 est,

478 2204 582 2242 Sicut
602 2206 741 2242 Massae
764 2205 895 2243 accidit
915 2207 953 2242 in
976 2205 1130 2252 deserto,

477 2276 549 2313 Ubi
570 2277 729 2326 majores
752 2278 865 2314 vestri
885 2290 943 2315 me
967 2277 1156 2316 tentabant

478 2349 600 2398 Atque
623 2348 874 2398 explorabant,
901 2361 1110 2399 quanquam
1132 2361 1242 2399 opera
1262 2360 1344 2387 mea
1363 2348 1541 2386 viderant.

480 2420 618 2462 Quibus
640 2421 787 2458 tandem
809 2422 923 2458 iratus
940 2420 1066 2469 juravi

476 2492 671 2542 Nunquam
693 2506 754 2531 cos
775 2494 814 2530 in
834 2499 968 2530 terram
989 2493 1203 2542 promissam
1227 2499 1401 2530 venturos
1424 2504 1513 2529 esse.

387 2608 491 2664 Quid
532 2611 708 2667 quaeris?
761 2618 961 2668 peccatum
1000 2609 1095 2652 illud
1135 2625 1215 2651 non
1255 2610 1361 2651 aliud
1400 2609 1491 2660 suit,
1536 2624 1651 2666 quam
1691 2608 1755 2650 illa

266 2695 531 2748 posteriorum
562 2695 822 2736 Israelitarum
860 2694 1129 2743 incredulitas,
1175 2696 1241 2750 qui
1273 2693 1449 2734 miranda
1480 2693 1574 2735 Jesu
1607 2691 1754 2735 Christi

269 2791 387 2832 opera
419 2778 612 2819 intuentes
647 2778 897 2820 obdurabant
929 2778 1047 2819 corda
1078 2792 1167 2818 sua:
1201 2792 1301 2834 quos
1334 2779 1454 2834 igitur
1483 2777 1547 2818 Ille
1580 2792 1601 2818 a
1632 2790 1752 2833 regno

266 2859 339 2900 Dei
377 2859 593 2915 rejiciebat,
636 2864 781 2918 quippe
820 2863 887 2918 qui
927 2863 966 2902 in
999 2860 1190 2918 Spiritum
1223 2860 1410 2903 Sanctum
1448 2861 1591 2917 apertis
1631 2858 1752 2900 oculis

266 2941 546 3000 blasphemiam
585 2944 799 2996 effutirent,
845 2953 962 3002 atque
999 2944 1104 2987 illam
1144 2946 1184 2986 in
1223 2959 1263 2986 se
1302 2944 1453 3001 culpam
1493 2942 1751 2993 admitterent,
