<?xml version="1.0" encoding="UTF-8"?>
<!DOCTYPE html PUBLIC "-//W3C//DTD XHTML 1.0 Transitional//EN"
    "http://www.w3.org/TR/xhtml1/DTD/xhtml1-transitional.dtd">
<html xmlns="http://www.w3.org/1999/xhtml" xml:lang="en" lang="en">
 <head>
  <title>
</title>
<meta http-equiv="Content-Type" content="text/html;charset=utf-8" />
  <meta name='ocr-system' content='tesseract 3.04.00' />
  <meta name='ocr-capabilities' content='ocr_page ocr_carea ocr_par ocr_line ocrx_word'/>
</head>
<body>
  <div class='ocr_page' id='page_1' title='image "./jasharfragmentaa00dona_0133.png"; bbox 0 0 1867 3301; ppageno 0'>
   <div class='ocr_carea' id='block_1_1' title="bbox 840 190 1013 261">
    <p class='ocr_par' dir='ltr' id='par_1_1' title="bbox 840 190 1013 261">
     <span class='ocr_line' id='line_1_1' title="bbox 840 190 1013 261; baseline 0.006 -26"><span class='ocrx_word' id='word_1_1' title='bbox 840 190 904 236; x_wconf 86' lang='lat'>59</span> <span class='ocrx_word' id='word_1_2' title='bbox 995 258 1013 261; x_wconf 27' lang='grc' dir='ltr'><strong>Η</strong></span> 
     </span>
    </p>
   </div>
   <div class='ocr_carea' id='block_1_2' title="bbox 110 326 1617 2908">
    <p class='ocr_par' dir='ltr' id='par_1_2' title="bbox 124 326 1617 542">
     <span class='ocr_line' id='line_1_2' title="bbox 124 326 1617 387; baseline 0 -15"><span class='ocrx_word' id='word_1_3' title='bbox 124 330 314 387; x_wconf 71' lang='grc' dir='ltr'><strong><em>φθορᾶς.</em></strong></span> <span class='ocrx_word' id='word_1_4' title='bbox 356 330 402 372; x_wconf 87' lang='lat' dir='ltr'>cs.</span> <span class='ocrx_word' id='word_1_5' title='bbox 428 330 508 372; x_wconf 87' lang='lat' dir='ltr'>Tit.</span> <span class='ocrx_word' id='word_1_6' title='bbox 532 330 583 380; x_wconf 85' lang='grc' dir='ltr'>Π,</span> <span class='ocrx_word' id='word_1_7' title='bbox 611 328 684 371; x_wconf 86' lang='lat'>11:</span> <span class='ocrx_word' id='word_1_8' title='bbox 723 326 799 378; x_wconf 69' lang='grc' dir='ltr'>τοὶς</span> <span class='ocrx_word' id='word_1_9' title='bbox 830 327 1086 386; x_wconf 66' lang='grc' dir='ltr'><em>κοσμικὰς</em></span> <span class='ocrx_word' id='word_1_10' title='bbox 1119 329 1427 384; x_wconf 74' lang='grc' dir='ltr'><strong><em>ἐπιθυμίας.</em></strong></span> <span class='ocrx_word' id='word_1_11' title='bbox 1492 330 1617 384; x_wconf 84' lang='lat' dir='ltr'>Quam</span> 
     </span>
     <span class='ocr_line' id='line_1_3' title="bbox 124 414 1616 471; baseline -0.001 -14"><span class='ocrx_word' id='word_1_12' title='bbox 124 424 226 458; x_wconf 87' lang='lat' dir='ltr'>arcte</span> <span class='ocrx_word' id='word_1_13' title='bbox 258 416 353 456; x_wconf 88' lang='lat' dir='ltr'>haec</span> <span class='ocrx_word' id='word_1_14' title='bbox 385 429 471 456; x_wconf 81' lang='lat' dir='ltr'>cuni</span> <span class='ocrx_word' id='word_1_15' title='bbox 503 416 628 455; x_wconf 77' lang='lat' dir='ltr'>nostri</span> <span class='ocrx_word' id='word_1_16' title='bbox 661 414 883 471; x_wconf 77' lang='lat' dir='ltr'>Fragmenti</span> <span class='ocrx_word' id='word_1_17' title='bbox 925 414 1103 456; x_wconf 85' lang='lat' dir='ltr'>doctrina</span> <span class='ocrx_word' id='word_1_18' title='bbox 1136 414 1371 456; x_wconf 76' lang='lat' dir='ltr'>cohaereant</span> <span class='ocrx_word' id='word_1_19' title='bbox 1401 429 1482 455; x_wconf 90' lang='lat' dir='ltr'>non</span> <span class='ocrx_word' id='word_1_20' title='bbox 1516 429 1616 471; x_wconf 88' lang='lat' dir='ltr'>opus</span> 
     </span>
     <span class='ocr_line' id='line_1_4' title="bbox 124 498 723 542; baseline -0.005 -1"><span class='ocrx_word' id='word_1_21' title='bbox 124 507 182 542; x_wconf 89' lang='lat' dir='ltr'>est</span> <span class='ocrx_word' id='word_1_22' title='bbox 212 508 257 540; x_wconf 91' lang='lat' dir='ltr'>ut</span> <span class='ocrx_word' id='word_1_23' title='bbox 291 498 414 539; x_wconf 81' lang='lat' dir='ltr'>fusius</span> <span class='ocrx_word' id='word_1_24' title='bbox 449 498 723 539; x_wconf 84' lang='lat' dir='ltr'>demonstrem.</span> 
     </span>
    </p>

    <p class='ocr_par' dir='ltr' id='par_1_3' title="bbox 122 580 1617 807">
     <span class='ocr_line' id='line_1_5' title="bbox 243 580 1617 639; baseline -0.001 -15"><span class='ocrx_word' id='word_1_25' title='bbox 243 582 322 624; x_wconf 85' lang='lat' dir='ltr'>Sed</span> <span class='ocrx_word' id='word_1_26' title='bbox 370 582 468 623; x_wconf 88' lang='lat' dir='ltr'>duae</span> <span class='ocrx_word' id='word_1_27' title='bbox 516 591 609 623; x_wconf 86' lang='lat' dir='ltr'>sunt</span> <span class='ocrx_word' id='word_1_28' title='bbox 647 582 846 639; x_wconf 80' lang='lat' dir='ltr'>longiores</span> <span class='ocrx_word' id='word_1_29' title='bbox 888 584 927 623; x_wconf 91' lang='lat' dir='ltr'>in</span> <span class='ocrx_word' id='word_1_30' title='bbox 967 581 1141 623; x_wconf 85' lang='lat' dir='ltr'>Paulinis</span> <span class='ocrx_word' id='word_1_31' title='bbox 1180 580 1370 638; x_wconf 84' lang='lat' dir='ltr'>Epistolis</span> <span class='ocrx_word' id='word_1_32' title='bbox 1410 584 1617 639; x_wconf 78' lang='lat' dir='ltr'>pericopae</span> 
     </span>
     <span class='ocr_line' id='line_1_6' title="bbox 123 665 1617 724; baseline 0.001 -17"><span class='ocrx_word' id='word_1_33' title='bbox 123 681 221 724; x_wconf 85' lang='lat' dir='ltr'>quac</span> <span class='ocrx_word' id='word_1_34' title='bbox 271 666 319 707; x_wconf 87' lang='lat' dir='ltr'>ad</span> <span class='ocrx_word' id='word_1_35' title='bbox 365 668 639 723; x_wconf 78' lang='lat' dir='ltr'>primigenium</span> <span class='ocrx_word' id='word_1_36' title='bbox 692 666 861 707; x_wconf 87' lang='lat' dir='ltr'>hominis</span> <span class='ocrx_word' id='word_1_37' title='bbox 914 675 1115 723; x_wconf 88' lang='lat' dir='ltr'>peccatum</span> <span class='ocrx_word' id='word_1_38' title='bbox 1163 665 1437 723; x_wconf 83' lang='lat' dir='ltr'>explicandum</span> <span class='ocrx_word' id='word_1_39' title='bbox 1483 665 1617 709; x_wconf 84' lang='lat' dir='ltr'>referri</span> 
     </span>
     <span class='ocr_line' id='line_1_7' title="bbox 122 759 303 807; baseline 0 -16"><span class='ocrx_word' id='word_1_40' title='bbox 122 759 303 807; x_wconf 83' lang='lat' dir='ltr'><strong>possunt.</strong></span> 
     </span>
    </p>

    <p class='ocr_par' dir='ltr' id='par_1_4' title="bbox 110 829 1617 1043">
     <span class='ocr_line' id='line_1_8' title="bbox 242 829 1617 890; baseline 0.001 -15"><span class='ocrx_word' id='word_1_41' title='bbox 242 830 300 887; x_wconf 81' lang='lat' dir='ltr'>(a)</span> <span class='ocrx_word' id='word_1_42' title='bbox 339 833 380 876; x_wconf 91' lang='lat' dir='ltr'>In</span> <span class='ocrx_word' id='word_1_43' title='bbox 420 836 552 890; x_wconf 88' lang='lat' dir='ltr'>priore</span> <span class='ocrx_word' id='word_1_44' title='bbox 586 830 653 886; x_wconf 83' lang='lat' dir='ltr'>(ad</span> <span class='ocrx_word' id='word_1_45' title='bbox 683 833 851 875; x_wconf 85' lang='lat' dir='ltr'>Roman.</span> <span class='ocrx_word' id='word_1_46' title='bbox 876 834 965 883; x_wconf 84' lang='lat' dir='ltr'>Vll,</span> <span class='ocrx_word' id='word_1_47' title='bbox 992 832 1015 874; x_wconf 77' lang='grc'><strong>7</strong></span> <span class='ocrx_word' id='word_1_48' title='bbox 1041 829 1145 890; x_wconf 81' lang='lat' dir='ltr'>sqq.)</span> <span class='ocrx_word' id='word_1_49' title='bbox 1186 836 1333 890; x_wconf 87' lang='lat' dir='ltr'>peccati</span> <span class='ocrx_word' id='word_1_50' title='bbox 1371 842 1511 876; x_wconf 86' lang='lat' dir='ltr'>natura</span> <span class='ocrx_word' id='word_1_51' title='bbox 1552 834 1617 876; x_wconf 88' lang='lat' dir='ltr'>de-</span> 
     </span>
     <span class='ocr_line' id='line_1_9' title="bbox 110 916 1617 974; baseline 0.003 -17"><span class='ocrx_word' id='word_1_52' title='bbox 110 916 317 967; x_wconf 67' lang='lat' dir='ltr'>⁴scribitur,</span> <span class='ocrx_word' id='word_1_53' title='bbox 352 926 390 958; x_wconf 90' lang='lat' dir='ltr'>et</span> <span class='ocrx_word' id='word_1_54' title='bbox 422 917 713 959; x_wconf 86' lang='lat' dir='ltr'>demonstratur</span> <span class='ocrx_word' id='word_1_55' title='bbox 737 916 1068 974; x_wconf 60' lang='lat' dir='ltr'>quemadn‘iodum</span> <span class='ocrx_word' id='word_1_56' title='bbox 1101 919 1416 974; x_wconf 79' lang='lat' dir='ltr'>concupiscentia</span> <span class='ocrx_word' id='word_1_57' title='bbox 1446 920 1617 961; x_wconf 78' lang='lat' dir='ltr'>insinuet</span> 
     </span>
     <span class='ocr_line' id='line_1_10' title="bbox 123 1002 923 1043; baseline 0 0"><span class='ocrx_word' id='word_1_58' title='bbox 123 1016 163 1043; x_wconf 85' lang='lat' dir='ltr'>se</span> <span class='ocrx_word' id='word_1_59' title='bbox 194 1004 233 1043; x_wconf 92' lang='lat' dir='ltr'>in</span> <span class='ocrx_word' id='word_1_60' title='bbox 265 1002 505 1043; x_wconf 75' lang='lat' dir='ltr'>vacillantem</span> <span class='ocrx_word' id='word_1_61' title='bbox 538 1003 707 1043; x_wconf 88' lang='lat' dir='ltr'>hominis</span> <span class='ocrx_word' id='word_1_62' title='bbox 742 1004 923 1043; x_wconf 90' lang='lat' dir='ltr'>animum.</span> 
     </span>
    </p>

    <p class='ocr_par' dir='ltr' id='par_1_5' title="bbox 121 1081 1617 1308">
     <span class='ocr_line' id='line_1_11' title="bbox 242 1081 1616 1142; baseline 0 -15"><span class='ocrx_word' id='word_1_63' title='bbox 242 1083 298 1139; x_wconf 70' lang='lat' dir='ltr'>(b)</span> <span class='ocrx_word' id='word_1_64' title='bbox 338 1086 381 1127; x_wconf 94' lang='lat' dir='ltr'>In</span> <span class='ocrx_word' id='word_1_65' title='bbox 422 1086 540 1127; x_wconf 83' lang='lat' dir='ltr'>altera</span> <span class='ocrx_word' id='word_1_66' title='bbox 573 1083 639 1139; x_wconf 82' lang='lat' dir='ltr'>(ad</span> <span class='ocrx_word' id='word_1_67' title='bbox 670 1086 771 1127; x_wconf 77' lang='lat' dir='ltr'>Phil,</span> <span class='ocrx_word' id='word_1_68' title='bbox 798 1086 848 1135; x_wconf 91' lang='lat' dir='ltr'>ll,</span> <span class='ocrx_word' id='word_1_69' title='bbox 874 1084 898 1126; x_wconf 86' lang='lat'>5</span> <span class='ocrx_word' id='word_1_70' title='bbox 923 1081 1027 1142; x_wconf 85' lang='lat' dir='ltr'>sqq.)</span> <span class='ocrx_word' id='word_1_71' title='bbox 1070 1084 1246 1126; x_wconf 87' lang='lat' dir='ltr'>sublimis</span> <span class='ocrx_word' id='word_1_72' title='bbox 1281 1085 1402 1127; x_wconf 88' lang='lat' dir='ltr'>divini</span> <span class='ocrx_word' id='word_1_73' title='bbox 1435 1084 1616 1142; x_wconf 85' lang='lat' dir='ltr'>Sospita-</span> 
     </span>
     <span class='ocr_line' id='line_1_12' title="bbox 125 1166 1617 1228; baseline 0.001 -18"><span class='ocrx_word' id='word_1_74' title='bbox 125 1172 218 1211; x_wconf 90' lang='lat' dir='ltr'>toris</span> <span class='ocrx_word' id='word_1_75' title='bbox 251 1170 449 1210; x_wconf 77' lang='lat' dir='ltr'>humilitas</span> <span class='ocrx_word' id='word_1_76' title='bbox 483 1173 701 1226; x_wconf 53' lang='lat' dir='ltr'>ol‘nptmitur</span> <span class='ocrx_word' id='word_1_77' title='bbox 734 1172 905 1212; x_wconf 81' lang='lat' dir='ltr'>insanae·</span> <span class='ocrx_word' id='word_1_78' title='bbox 931 1169 985 1211; x_wconf 89' lang='lat' dir='ltr'>illi</span> <span class='ocrx_word' id='word_1_79' title='bbox 1025 1172 1291 1227; x_wconf 67' lang='lat' dir='ltr'>arroganfflae,</span> <span class='ocrx_word' id='word_1_80' title='bbox 1337 1184 1435 1228; x_wconf 84' lang='lat' dir='ltr'>quae</span> <span class='ocrx_word' id='word_1_81' title='bbox 1474 1166 1617 1226; x_wconf 73' lang='grc' dir='ltr'><em>πρώτ-</em></span> 
     </span>
     <span class='ocr_line' id='line_1_13' title="bbox 121 1250 700 1308; baseline 0.005 -16"><span class='ocrx_word' id='word_1_82' title='bbox 121 1267 257 1308; x_wconf 84' lang='grc' dir='ltr'><em>αρχον</em></span> <span class='ocrx_word' id='word_1_83' title='bbox 289 1250 397 1308; x_wconf 74' lang='grc' dir='ltr'>ἄτην</span> <span class='ocrx_word' id='word_1_84' title='bbox 429 1253 700 1295; x_wconf 78' lang='lat' dir='ltr'>comitabatur.</span> 
     </span>
    </p>

    <p class='ocr_par' dir='ltr' id='par_1_6' title="bbox 120 1335 1617 1463">
     <span class='ocr_line' id='line_1_14' title="bbox 240 1335 1617 1396; baseline 0 -16"><span class='ocrx_word' id='word_1_85' title='bbox 240 1335 458 1394; x_wconf 86' lang='lat' dir='ltr'>Utrumque</span> <span class='ocrx_word' id='word_1_86' title='bbox 498 1338 628 1380; x_wconf 86' lang='lat' dir='ltr'>locum</span> <span class='ocrx_word' id='word_1_87' title='bbox 669 1338 802 1395; x_wconf 89' lang='lat' dir='ltr'>paullo</span> <span class='ocrx_word' id='word_1_88' title='bbox 843 1339 1032 1379; x_wconf 88' lang='lat' dir='ltr'>attentius</span> <span class='ocrx_word' id='word_1_89' title='bbox 1065 1337 1321 1394; x_wconf 83' lang='lat' dir='ltr'>contemplari</span> <span class='ocrx_word' id='word_1_90' title='bbox 1355 1352 1495 1395; x_wconf 89' lang='lat' dir='ltr'>operae</span> <span class='ocrx_word' id='word_1_91' title='bbox 1527 1352 1617 1396; x_wconf 85' lang='lat' dir='ltr'>pre-</span> 
     </span>
     <span class='ocr_line' id='line_1_15' title="bbox 120 1423 334 1463; baseline 0 -1"><span class='ocrx_word' id='word_1_92' title='bbox 120 1423 217 1463; x_wconf 89' lang='lat' dir='ltr'>tium</span> <span class='ocrx_word' id='word_1_93' title='bbox 250 1424 334 1462; x_wconf 84' lang='lat' dir='ltr'>erit.</span> 
     </span>
    </p>

    <p class='ocr_par' dir='ltr' id='par_1_7' title="bbox 118 1502 1617 2908">
     <span class='ocr_line' id='line_1_16' title="bbox 240 1502 1616 1559; baseline 0.001 -12"><span class='ocrx_word' id='word_1_94' title='bbox 240 1502 299 1559; x_wconf 74' lang='lat' dir='ltr'>(a)</span> <span class='ocrx_word' id='word_1_95' title='bbox 346 1504 596 1547; x_wconf 72' lang='lat' dir='ltr'>Interdictum</span> <span class='ocrx_word' id='word_1_96' title='bbox 644 1506 839 1555; x_wconf 86' lang='lat' dir='ltr'>divinum,</span> <span class='ocrx_word' id='word_1_97' title='bbox 888 1519 935 1546; x_wconf 89' lang='lat' dir='ltr'>ne</span> <span class='ocrx_word' id='word_1_98' title='bbox 977 1504 1197 1546; x_wconf 79' lang='lat' dir='ltr'>comederet</span> <span class='ocrx_word' id='word_1_99' title='bbox 1238 1505 1357 1546; x_wconf 86' lang='lat' dir='ltr'>homo</span> <span class='ocrx_word' id='word_1_100' title='bbox 1400 1505 1447 1547; x_wconf 91' lang='lat' dir='ltr'>de</span> <span class='ocrx_word' id='word_1_101' title='bbox 1484 1506 1616 1548; x_wconf 88' lang='lat' dir='ltr'>fructu</span> 
     </span>
     <span class='ocr_line' id='line_1_17' title="bbox 121 1588 1617 1648; baseline 0.001 -17"><span class='ocrx_word' id='word_1_102' title='bbox 121 1588 292 1639; x_wconf 84' lang='lat' dir='ltr'>arboris,</span> <span class='ocrx_word' id='word_1_103' title='bbox 335 1604 434 1646; x_wconf 83' lang='lat' dir='ltr'>quae</span> <span class='ocrx_word' id='word_1_104' title='bbox 475 1592 576 1631; x_wconf 89' lang='lat' dir='ltr'>inter</span> <span class='ocrx_word' id='word_1_105' title='bbox 616 1591 759 1632; x_wconf 85' lang='lat' dir='ltr'>malum</span> <span class='ocrx_word' id='word_1_106' title='bbox 800 1598 837 1631; x_wconf 86' lang='lat' dir='ltr'>et</span> <span class='ocrx_word' id='word_1_107' title='bbox 870 1588 1021 1631; x_wconf 89' lang='lat' dir='ltr'>bonum</span> <span class='ocrx_word' id='word_1_108' title='bbox 1055 1590 1309 1639; x_wconf 76' lang='lat' dir='ltr'>discerneret,</span> <span class='ocrx_word' id='word_1_109' title='bbox 1353 1591 1405 1631; x_wconf 83' lang='lat' dir='ltr'>ita</span> <span class='ocrx_word' id='word_1_110' title='bbox 1437 1591 1617 1648; x_wconf 82' lang='lat' dir='ltr'>intelligit</span> 
     </span>
     <span class='ocr_line' id='line_1_18' title="bbox 120 1671 1617 1731; baseline 0 -15"><span class='ocrx_word' id='word_1_111' title='bbox 120 1673 341 1730; x_wconf 80' lang='lat' dir='ltr'>Apostolus</span> <span class='ocrx_word' id='word_1_112' title='bbox 375 1671 441 1727; x_wconf 87' lang='lat' dir='ltr'>(ad</span> <span class='ocrx_word' id='word_1_113' title='bbox 462 1673 685 1724; x_wconf 79' lang='lat' dir='ltr'>Rom.Vll‚</span> <span class='ocrx_word' id='word_1_114' title='bbox 707 1672 763 1727; x_wconf 83' lang='lat'>7),</span> <span class='ocrx_word' id='word_1_115' title='bbox 796 1683 843 1716; x_wconf 92' lang='lat' dir='ltr'>ut</span> <span class='ocrx_word' id='word_1_116' title='bbox 872 1689 946 1731; x_wconf 89' lang='lat' dir='ltr'>pro</span> <span class='ocrx_word' id='word_1_117' title='bbox 980 1674 1164 1716; x_wconf 87' lang='lat' dir='ltr'>mandato</span> <span class='ocrx_word' id='word_1_118' title='bbox 1196 1682 1339 1731; x_wconf 85' lang='lat' dir='ltr'>ponat:</span> <span class='ocrx_word' id='word_1_119' title='bbox 1374 1673 1490 1716; x_wconf 81' lang='lat' dir='ltr'>»Non</span> <span class='ocrx_word' id='word_1_120' title='bbox 1523 1690 1617 1717; x_wconf 92' lang='lat' dir='ltr'>eon-</span> 
     </span>
     <span class='ocr_line' id='line_1_19' title="bbox 120 1755 1617 1815; baseline 0.002 -17"><span class='ocrx_word' id='word_1_121' title='bbox 120 1761 321 1815; x_wconf 81' lang='lat' dir='ltr'>cupisces«</span> <span class='ocrx_word' id='word_1_122' title='bbox 355 1755 457 1811; x_wconf 77' lang='grc' dir='ltr'>(οὐκ</span> <span class='ocrx_word' id='word_1_123' title='bbox 490 1755 804 1814; x_wconf 66' lang='grc' dir='ltr'>ἐπιθυμήσεις),</span> <span class='ocrx_word' id='word_1_124' title='bbox 867 1758 1023 1815; x_wconf 83' lang='lat' dir='ltr'>Itaque,</span> <span class='ocrx_word' id='word_1_125' title='bbox 1065 1761 1208 1800; x_wconf 86' lang='lat' dir='ltr'>vetitus</span> <span class='ocrx_word' id='word_1_126' title='bbox 1252 1758 1313 1799; x_wconf 93' lang='lat' dir='ltr'>ille</span> <span class='ocrx_word' id='word_1_127' title='bbox 1354 1757 1504 1800; x_wconf 81' lang='lat' dir='ltr'>fructus</span> <span class='ocrx_word' id='word_1_128' title='bbox 1543 1759 1617 1801; x_wconf 80' lang='lat' dir='ltr'>fuit</span> 
     </span>
     <span class='ocr_line' id='line_1_20' title="bbox 121 1839 1614 1900; baseline 0.001 -17"><span class='ocrx_word' id='word_1_129' title='bbox 121 1842 282 1884; x_wconf 86' lang='lat' dir='ltr'>carnalis</span> <span class='ocrx_word' id='word_1_130' title='bbox 314 1840 538 1896; x_wconf 73' lang='grc' dir='ltr'><strong><em>ἐπιθυμία.</em></strong></span> <span class='ocrx_word' id='word_1_131' title='bbox 594 1843 645 1884; x_wconf 88' lang='lat' dir='ltr'>Et</span> <span class='ocrx_word' id='word_1_132' title='bbox 677 1858 800 1900; x_wconf 86' lang='lat' dir='ltr'>quum</span> <span class='ocrx_word' id='word_1_133' title='bbox 831 1843 970 1884; x_wconf 88' lang='lat' dir='ltr'>mulier</span> <span class='ocrx_word' id='word_1_134' title='bbox 1002 1858 1043 1884; x_wconf 85' lang='lat' dir='ltr'>se</span> <span class='ocrx_word' id='word_1_135' title='bbox 1075 1857 1268 1884; x_wconf 80' lang='lat' dir='ltr'>excusans</span> <span class='ocrx_word' id='word_1_136' title='bbox 1302 1841 1468 1884; x_wconf 70' lang='lat' dir='ltr'>dixisset</span> <span class='ocrx_word' id='word_1_137' title='bbox 1499 1839 1614 1896; x_wconf 84' lang='lat' dir='ltr'>(Gen.</span> 
     </span>
     <span class='ocr_line' id='line_1_21' title="bbox 118 1923 1615 1983; baseline 0 -15"><span class='ocrx_word' id='word_1_138' title='bbox 118 1926 184 1976; x_wconf 85' lang='lat' dir='ltr'>Ill,</span> <span class='ocrx_word' id='word_1_139' title='bbox 213 1923 301 1979; x_wconf 88' lang='lat'>13):</span> <span class='ocrx_word' id='word_1_140' title='bbox 336 1941 520 1983; x_wconf 88' lang='lat' dir='ltr'>»serpens</span> <span class='ocrx_word' id='word_1_141' title='bbox 553 1941 613 1968; x_wconf 88' lang='lat' dir='ltr'>me</span> <span class='ocrx_word' id='word_1_142' title='bbox 646 1927 804 1983; x_wconf 70' lang='lat' dir='ltr'>decepit</span> <span class='ocrx_word' id='word_1_143' title='bbox 832 1935 877 1968; x_wconf 89' lang='lat' dir='ltr'>ut</span> <span class='ocrx_word' id='word_1_144' title='bbox 899 1926 1179 1976; x_wconf 82' lang='lat' dir='ltr'>comederem«,</span> <span class='ocrx_word' id='word_1_145' title='bbox 1215 1927 1436 1983; x_wconf 81' lang='lat' dir='ltr'>Apostolus</span> <span class='ocrx_word' id='word_1_146' title='bbox 1459 1929 1513 1967; x_wconf 89' lang='lat' dir='ltr'>sic</span> <span class='ocrx_word' id='word_1_147' title='bbox 1535 1941 1615 1968; x_wconf 88' lang='lat' dir='ltr'>rem</span> 
     </span>
     <span class='ocr_line' id='line_1_22' title="bbox 120 2007 1615 2067; baseline 0.001 -17"><span class='ocrx_word' id='word_1_148' title='bbox 120 2012 398 2067; x_wconf 84' lang='lat' dir='ltr'>interpretatur</span> <span class='ocrx_word' id='word_1_149' title='bbox 422 2007 477 2064; x_wconf 88' lang='lat' dir='ltr'>(u.</span> <span class='ocrx_word' id='word_1_150' title='bbox 502 2026 533 2052; x_wconf 90' lang='lat' dir='ltr'>s.</span> <span class='ocrx_word' id='word_1_151' title='bbox 558 2025 594 2051; x_wconf 85' lang='lat' dir='ltr'>v.</span> <span class='ocrx_word' id='word_1_152' title='bbox 618 2007 708 2063; x_wconf 87' lang='lat'>11);</span> <span class='ocrx_word' id='word_1_153' title='bbox 743 2019 969 2067; x_wconf 79' lang='lat' dir='ltr'>»peccatum</span> <span class='ocrx_word' id='word_1_154' title='bbox 989 2007 1209 2065; x_wconf 80' lang='grc' dir='ltr'>(ἁμαρτία)</span> <span class='ocrx_word' id='word_1_155' title='bbox 1235 2012 1437 2051; x_wconf 86' lang='lat' dir='ltr'>occasione</span> <span class='ocrx_word' id='word_1_156' title='bbox 1461 2019 1615 2067; x_wconf 87' lang='lat' dir='ltr'>arrepta</span> 
     </span>
     <span class='ocr_line' id='line_1_23' title="bbox 119 2090 1615 2151; baseline 0.001 -17"><span class='ocrx_word' id='word_1_157' title='bbox 119 2108 189 2151; x_wconf 90' lang='lat' dir='ltr'>per</span> <span class='ocrx_word' id='word_1_158' title='bbox 226 2094 452 2135; x_wconf 85' lang='lat' dir='ltr'>mandatum</span> <span class='ocrx_word' id='word_1_159' title='bbox 493 2095 651 2149; x_wconf 74' lang='lat' dir='ltr'>decepit</span> <span class='ocrx_word' id='word_1_160' title='bbox 688 2109 747 2135; x_wconf 80' lang='lat' dir='ltr'>me</span> <span class='ocrx_word' id='word_1_161' title='bbox 789 2090 1078 2149; x_wconf 72' lang='grc' dir='ltr'>(ἐξηπάτησέν</span> <span class='ocrx_word' id='word_1_162' title='bbox 1115 2091 1190 2147; x_wconf 62' lang='grc' dir='ltr'>με)</span> <span class='ocrx_word' id='word_1_163' title='bbox 1232 2102 1270 2135; x_wconf 86' lang='lat' dir='ltr'>et</span> <span class='ocrx_word' id='word_1_164' title='bbox 1311 2108 1381 2150; x_wconf 85' lang='lat' dir='ltr'>per</span> <span class='ocrx_word' id='word_1_165' title='bbox 1420 2093 1517 2135; x_wconf 89' lang='lat' dir='ltr'>illud</span> <span class='ocrx_word' id='word_1_166' title='bbox 1554 2110 1615 2136; x_wconf 88' lang='lat' dir='ltr'>me</span> 
     </span>
     <span class='ocr_line' id='line_1_24' title="bbox 122 2174 1615 2235; baseline 0.001 -16"><span class='ocrx_word' id='word_1_167' title='bbox 122 2178 301 2220; x_wconf 65' lang='lat' dir='ltr'>occidit«</span> <span class='ocrx_word' id='word_1_168' title='bbox 364 2178 497 2235; x_wconf 79' lang='lat' dir='ltr'>Pergit</span> <span class='ocrx_word' id='word_1_169' title='bbox 535 2177 758 2234; x_wconf 81' lang='lat' dir='ltr'>Apostolus</span> <span class='ocrx_word' id='word_1_170' title='bbox 806 2176 997 2219; x_wconf 77' lang='lat' dir='ltr'>affirmare</span> <span class='ocrx_word' id='word_1_171' title='bbox 1038 2175 1099 2231; x_wconf 84' lang='lat' dir='ltr'>(v.</span> <span class='ocrx_word' id='word_1_172' title='bbox 1135 2174 1212 2231; x_wconf 78' lang='grc'>14)</span> <span class='ocrx_word' id='word_1_173' title='bbox 1255 2177 1404 2234; x_wconf 79' lang='lat' dir='ltr'>»legem</span> <span class='ocrx_word' id='word_1_174' title='bbox 1445 2178 1615 2221; x_wconf 85' lang='lat' dir='ltr'>divinam</span> 
     </span>
     <span class='ocr_line' id='line_1_25' title="bbox 119 2262 1613 2319; baseline 0.001 -17"><span class='ocrx_word' id='word_1_175' title='bbox 119 2262 345 2318; x_wconf 73' lang='lat' dir='ltr'>spiritalem</span> <span class='ocrx_word' id='word_1_176' title='bbox 376 2277 478 2311; x_wconf 89' lang='lat' dir='ltr'>esse,</span> <span class='ocrx_word' id='word_1_177' title='bbox 515 2263 710 2303; x_wconf 86' lang='lat' dir='ltr'>hominem</span> <span class='ocrx_word' id='word_1_178' title='bbox 743 2270 871 2303; x_wconf 86' lang='lat' dir='ltr'>autem</span> <span class='ocrx_word' id='word_1_179' title='bbox 904 2262 1124 2315; x_wconf 73' lang='lat' dir='ltr'>carnalem,</span> <span class='ocrx_word' id='word_1_180' title='bbox 1157 2264 1306 2319; x_wconf 86' lang='lat' dir='ltr'>peccati</span> <span class='ocrx_word' id='word_1_181' title='bbox 1327 2264 1613 2319; x_wconf 75' lang='lat' dir='ltr'>inancipiuin«3</span> 
     </span>
     <span class='ocr_line' id='line_1_26' title="bbox 120 2346 1615 2404; baseline 0.001 -17"><span class='ocrx_word' id='word_1_182' title='bbox 120 2354 158 2387; x_wconf 85' lang='lat' dir='ltr'>ct</span> <span class='ocrx_word' id='word_1_183' title='bbox 190 2360 310 2403; x_wconf 88' lang='lat' dir='ltr'>quum</span> <span class='ocrx_word' id='word_1_184' title='bbox 344 2346 489 2403; x_wconf 86' lang='lat' dir='ltr'>duplici</span> <span class='ocrx_word' id='word_1_185' title='bbox 522 2355 745 2387; x_wconf 86' lang='lat' dir='ltr'>constemus</span> <span class='ocrx_word' id='word_1_186' title='bbox 778 2355 937 2396; x_wconf 88' lang='lat' dir='ltr'>natura,</span> <span class='ocrx_word' id='word_1_187' title='bbox 972 2348 1175 2403; x_wconf 86' lang='lat' dir='ltr'>superiore</span> <span class='ocrx_word' id='word_1_188' title='bbox 1201 2346 1263 2387; x_wconf 85' lang='lat' dir='ltr'>illa</span> <span class='ocrx_word' id='word_1_189' title='bbox 1285 2347 1462 2403; x_wconf 78' lang='lat' dir='ltr'>quidem,</span> <span class='ocrx_word' id='word_1_190' title='bbox 1498 2362 1615 2404; x_wconf 82' lang='lat' dir='ltr'>quain</span> 
     </span>
     <span class='ocr_line' id='line_1_27' title="bbox 118 2429 1613 2487; baseline 0.001 -15"><span class='ocrx_word' id='word_1_191' title='bbox 118 2429 189 2472; x_wconf 80' lang='lat' dir='ltr'>Dei</span> <span class='ocrx_word' id='word_1_192' title='bbox 221 2432 388 2487; x_wconf 72' lang='lat' dir='ltr'>spiritus</span> <span class='ocrx_word' id='word_1_193' title='bbox 419 2430 622 2481; x_wconf 83' lang='lat' dir='ltr'>informet,</span> <span class='ocrx_word' id='word_1_194' title='bbox 656 2430 838 2472; x_wconf 87' lang='lat' dir='ltr'>inferiore</span> <span class='ocrx_word' id='word_1_195' title='bbox 866 2439 1014 2480; x_wconf 87' lang='lat' dir='ltr'>autem,</span> <span class='ocrx_word' id='word_1_196' title='bbox 1050 2445 1150 2487; x_wconf 86' lang='lat' dir='ltr'>quae</span> <span class='ocrx_word' id='word_1_197' title='bbox 1171 2433 1303 2487; x_wconf 88' lang='lat' dir='ltr'>pravis</span> <span class='ocrx_word' id='word_1_198' title='bbox 1326 2438 1499 2472; x_wconf 83' lang='lat' dir='ltr'>terrenae</span> <span class='ocrx_word' id='word_1_199' title='bbox 1523 2446 1613 2473; x_wconf 75' lang='lat' dir='ltr'>ear-</span> 
     </span>
     <span class='ocr_line' id='line_1_28' title="bbox 119 2511 1614 2573; baseline 0.001 -18"><span class='ocrx_word' id='word_1_200' title='bbox 119 2515 182 2556; x_wconf 76' lang='lat' dir='ltr'>m&#39;s</span> <span class='ocrx_word' id='word_1_201' title='bbox 220 2514 499 2571; x_wconf 84' lang='lat' dir='ltr'>cupiditatibus</span> <span class='ocrx_word' id='word_1_202' title='bbox 540 2517 591 2556; x_wconf 87' lang='lat' dir='ltr'>sit</span> <span class='ocrx_word' id='word_1_203' title='bbox 624 2514 815 2564; x_wconf 82' lang='lat' dir='ltr'>obnoxia,</span> <span class='ocrx_word' id='word_1_204' title='bbox 858 2511 913 2568; x_wconf 86' lang='lat' dir='ltr'>(v.</span> <span class='ocrx_word' id='word_1_205' title='bbox 947 2514 1023 2564; x_wconf 90' lang='lat'>22,</span> <span class='ocrx_word' id='word_1_206' title='bbox 1057 2512 1129 2568; x_wconf 88' lang='lat'>23)</span> <span class='ocrx_word' id='word_1_207' title='bbox 1169 2513 1508 2556; x_wconf 85' lang='lat' dir='ltr'>»condelectamur</span> <span class='ocrx_word' id='word_1_208' title='bbox 1539 2515 1614 2573; x_wconf 79' lang='lat' dir='ltr'>legi</span> 
     </span>
     <span class='ocr_line' id='line_1_29' title="bbox 121 2597 1614 2648; baseline 0.002 -10"><span class='ocrx_word' id='word_1_209' title='bbox 121 2597 273 2639; x_wconf 82' lang='lat' dir='ltr'>divinae</span> <span class='ocrx_word' id='word_1_210' title='bbox 317 2598 532 2640; x_wconf 88' lang='lat' dir='ltr'>secundum</span> <span class='ocrx_word' id='word_1_211' title='bbox 578 2601 803 2640; x_wconf 90' lang='lat' dir='ltr'>interiorem</span> <span class='ocrx_word' id='word_1_212' title='bbox 843 2599 1062 2648; x_wconf 87' lang='lat' dir='ltr'>hominem,</span> <span class='ocrx_word' id='word_1_213' title='bbox 1114 2598 1291 2639; x_wconf 85' lang='lat' dir='ltr'>videmus</span> <span class='ocrx_word' id='word_1_214' title='bbox 1334 2607 1460 2640; x_wconf 86' lang='lat' dir='ltr'>autem</span> <span class='ocrx_word' id='word_1_215' title='bbox 1501 2600 1614 2641; x_wconf 88' lang='lat' dir='ltr'>aliam</span> 
     </span>
     <span class='ocr_line' id='line_1_30' title="bbox 119 2681 1613 2740; baseline 0.003 -19"><span class='ocrx_word' id='word_1_216' title='bbox 119 2681 241 2738; x_wconf 83' lang='lat' dir='ltr'>legem</span> <span class='ocrx_word' id='word_1_217' title='bbox 273 2683 313 2722; x_wconf 91' lang='lat' dir='ltr'>in</span> <span class='ocrx_word' id='word_1_218' title='bbox 333 2681 516 2724; x_wconf 88' lang='lat' dir='ltr'>membris</span> <span class='ocrx_word' id='word_1_219' title='bbox 537 2685 698 2733; x_wconf 88' lang='lat' dir='ltr'>nostris,</span> <span class='ocrx_word' id='word_1_220' title='bbox 732 2685 757 2724; x_wconf 92' lang='lat' dir='ltr'>i.</span> <span class='ocrx_word' id='word_1_221' title='bbox 782 2698 813 2724; x_wconf 89' lang='lat' dir='ltr'>e.</span> <span class='ocrx_word' id='word_1_222' title='bbox 839 2685 880 2724; x_wconf 90' lang='lat' dir='ltr'>in</span> <span class='ocrx_word' id='word_1_223' title='bbox 903 2698 1037 2736; x_wconf 69' lang='lat' dir='ltr'>carne,</span> <span class='ocrx_word' id='word_1_224' title='bbox 1072 2690 1354 2739; x_wconf 77' lang='lat' dir='ltr'>repugnantem</span> <span class='ocrx_word' id='word_1_225' title='bbox 1378 2683 1452 2740; x_wconf 83' lang='lat' dir='ltr'>legi</span> <span class='ocrx_word' id='word_1_226' title='bbox 1474 2686 1613 2726; x_wconf 85' lang='lat' dir='ltr'>mentis</span> 
     </span>
     <span class='ocr_line' id='line_1_31' title="bbox 119 2766 1616 2825; baseline 0.002 -19"><span class='ocrx_word' id='word_1_227' title='bbox 119 2774 290 2815; x_wconf 84' lang='lat' dir='ltr'>nostrae,</span> <span class='ocrx_word' id='word_1_228' title='bbox 318 2768 342 2806; x_wconf 92' lang='lat' dir='ltr'>i.</span> <span class='ocrx_word' id='word_1_229' title='bbox 368 2781 398 2807; x_wconf 92' lang='lat' dir='ltr'>e.</span> <span class='ocrx_word' id='word_1_230' title='bbox 422 2767 602 2822; x_wconf 37' lang='lat' dir='ltr'>spii-iture,</span> <span class='ocrx_word' id='word_1_231' title='bbox 634 2776 671 2809; x_wconf 88' lang='lat' dir='ltr'>et</span> <span class='ocrx_word' id='word_1_232' title='bbox 693 2766 937 2825; x_wconf 81' lang='lat' dir='ltr'>subigentem</span> <span class='ocrx_word' id='word_1_233' title='bbox 960 2782 1033 2808; x_wconf 88' lang='lat' dir='ltr'>nos</span> <span class='ocrx_word' id='word_1_234' title='bbox 1057 2766 1131 2824; x_wconf 79' lang='lat' dir='ltr'>legi</span> <span class='ocrx_word' id='word_1_235' title='bbox 1153 2769 1319 2823; x_wconf 86' lang='lat' dir='ltr'>peccati,</span> <span class='ocrx_word' id='word_1_236' title='bbox 1355 2782 1454 2825; x_wconf 87' lang='lat' dir='ltr'>quac</span> <span class='ocrx_word' id='word_1_237' title='bbox 1476 2777 1616 2825; x_wconf 80' lang='lat' dir='ltr'>regnat</span> 
     </span>
     <span class='ocr_line' id='line_1_32' title="bbox 120 2850 1611 2908; baseline 0.002 -18"><span class='ocrx_word' id='word_1_238' title='bbox 120 2851 159 2890; x_wconf 89' lang='lat' dir='ltr'>in</span> <span class='ocrx_word' id='word_1_239' title='bbox 198 2858 337 2891; x_wconf 87' lang='lat' dir='ltr'>nostro</span> <span class='ocrx_word' id='word_1_240' title='bbox 382 2864 588 2907; x_wconf 87' lang='lat' dir='ltr'>corpore.«</span> <span class='ocrx_word' id='word_1_241' title='bbox 649 2851 878 2908; x_wconf 84' lang='lat' dir='ltr'>Respiciens</span> <span class='ocrx_word' id='word_1_242' title='bbox 912 2866 1004 2908; x_wconf 79' lang='lat' dir='ltr'>ergo</span> <span class='ocrx_word' id='word_1_243' title='bbox 1039 2850 1088 2892; x_wconf 87' lang='lat' dir='ltr'>ad</span> <span class='ocrx_word' id='word_1_244' title='bbox 1119 2850 1222 2892; x_wconf 85' lang='lat' dir='ltr'>illam</span> <span class='ocrx_word' id='word_1_245' title='bbox 1255 2854 1445 2893; x_wconf 86' lang='lat' dir='ltr'>orationis</span> <span class='ocrx_word' id='word_1_246' title='bbox 1477 2852 1611 2893; x_wconf 88' lang='lat' dir='ltr'>Domi-</span> 
     </span>
    </p>
   </div>
   <div class='ocr_carea' id='block_1_3' title="bbox 120 2934 1610 2993">
    <p class='ocr_par' dir='ltr' id='par_1_8' title="bbox 120 2934 1610 2993">
     <span class='ocr_line' id='line_1_33' title="bbox 120 2934 1610 2993; baseline 0.003 -19"><span class='ocrx_word' id='word_1_247' title='bbox 120 2935 227 2975; x_wconf 89' lang='lat' dir='ltr'>nicae</span> <span class='ocrx_word' id='word_1_248' title='bbox 269 2934 500 2984; x_wconf 81' lang='lat' dir='ltr'>clausulam,</span> <span class='ocrx_word' id='word_1_249' title='bbox 543 2949 622 2992; x_wconf 80' lang='lat' dir='ltr'>qua</span> <span class='ocrx_word' id='word_1_250' title='bbox 658 2950 864 2993; x_wconf 86' lang='lat' dir='ltr'>precamur</span> <span class='ocrx_word' id='word_1_251' title='bbox 905 2944 976 2979; x_wconf 81' lang='lat' dir='ltr'>»ut</span> <span class='ocrx_word' id='word_1_252' title='bbox 1005 2935 1112 2979; x_wconf 89' lang='lat' dir='ltr'>Deus</span> <span class='ocrx_word' id='word_1_253' title='bbox 1153 2951 1228 2978; x_wconf 89' lang='lat' dir='ltr'>nos</span> <span class='ocrx_word' id='word_1_254' title='bbox 1261 2952 1283 2978; x_wconf 90' lang='lat' dir='ltr'>a</span> <span class='ocrx_word' id='word_1_255' title='bbox 1311 2937 1413 2978; x_wconf 88' lang='lat' dir='ltr'>malo</span> <span class='ocrx_word' id='word_1_256' title='bbox 1447 2936 1610 2979; x_wconf 73' lang='lat' dir='ltr'>liberet«</span> 
     </span>
    </p>
   </div>
  </div>
 </body>
</html>
