1867 3301
951 192 1015 239 42

239 337 363 392 ipsius
403 336 546 391 spiritu
577 340 817 382 manantem3
860 346 1025 374 carnem
1055 340 1204 382 autem,
1245 340 1400 374 terreno
1434 331 1595 388 pulvere
1627 331 1728 374 deri-

240 428 389 467 vatam3
423 425 461 458 et
493 431 614 473 quum
646 416 741 456 haec
764 414 917 456 diversa
940 423 1146 472 appetant,
1181 414 1317 456 debuit
1337 416 1492 471 utique,
1527 415 1599 456 Dei
1620 429 1729 455 man-

240 502 340 542 datis
365 500 561 548 obediens,
585 507 776 540 terrenam
799 512 910 538 suam
932 505 1111 539 naturam
1134 498 1286 539 caelesti
1305 497 1556 554 subjungere.
1580 496 1728 538 Verum

240 587 458 632 enimvero,
493 596 593 622 vana
626 583 752 637 specie
785 579 977 622 abductus
1005 582 1043 621 in
1067 582 1214 637 peccati
1235 581 1397 638 laqueos
1422 579 1648 629 declinavit3
1677 604 1723 609 —

240 667 298 716 εἷς
315 661 558 721 ἆρκύστατα
579 663 714 705 τόθεν
735 660 810 706 οὐκ
827 661 938 704 ἔστιν
954 657 1062 718 ὑπὲρ
1079 660 1250 705 θνατὸν
1267 658 1489 713 ἆλύξαντα
1507 668 1658 717 φυγεῖν
1678 685 1723 691 -

241 750 430 792 carnalem
456 749 807 804 concupiscentiam
830 747 1112 788 immortalitati
1130 737 1339 803 'praetulit3
1374 744 1477 786 unde
1499 743 1549 786 ad
1569 743 1728 785 brevius

240 835 342 874 vitae
375 833 546 888 spatium
576 830 756 872 redactus
790 838 868 880 est3
910 830 998 870 dein
1036 837 1199 870 conatus
1236 828 1330 869 deus
1362 828 1446 869 fieri
1477 836 1516 869 et
1546 826 1729 868 scandere

241 916 407 964 caelum,
441 914 566 955 beatis
598 913 757 955 sedibus
791 913 984 962 exulavit,
1019 921 1056 954 et
1085 912 1158 953 sub
1182 913 1317 968 iniquo
1341 910 1520 951 laborum
1541 909 1727 966 pondere,

241 1007 404 1040 aetatem
437 999 633 1038 contrivit.
692 997 797 1037 Haec
829 1004 888 1037 est
918 997 1101 1036 universa
1132 997 1341 1050 utriusque
1373 993 1578 1049 fragmenti
1610 993 1730 1049 signi-

240 1083 383 1123 ficatio.
446 1080 532 1122 Jam
562 1093 846 1136 persequamur
877 1078 1043 1134 singula.

358 1164 417 1206 Ac
455 1165 623 1219 primum
664 1161 821 1218 quidem
863 1162 1059 1202 exteriora
1098 1159 1264 1200 duarum
1303 1160 1572 1200 narrationum
1612 1157 1730 1199 linea-

240 1256 371 1290 menta
402 1249 502 1287 inter
533 1260 574 1286 se
607 1244 869 1286 conferantur.
918 1243 1062 1300 Utique
1083 1245 1193 1300 prior
1214 1243 1279 1284 illa
1300 1244 1339 1283 in
1361 1241 1589 1299 gentilitiam
1610 1241 1730 1282 Israe-

240 1332 397 1373 litarum
430 1330 633 1371 historiam
665 1328 766 1369 illico
802 1327 1007 1370 delabitur.
1054 1325 1153 1367 Nam
1175 1325 1371 1375 Adamus‚
1404 1334 1450 1366 ut
1480 1324 1731 1381 Evangelista

241 1415 419 1471 loquitur
452 1409 562 1465 (Luc.
585 1412 634 1453 ΠΙ
666 1427 701 1452 v.
727 1408 835 1463 ult.)‚
870 1409 944 1451 fuit
974 1410 1077 1451 filius
1100 1409 1184 1450 Dei.
1234 1408 1408 1450 Sethitae
1429 1409 1550 1464 igitur
1573 1415 1611 1449 et
1632 1406 1731 1449 She-

241 1499 375 1546 mitae,
410 1511 432 1537 a
464 1509 543 1551 quo
578 1496 767 1550 originem
800 1508 909 1534 suam
944 1491 1188 1533 deducebant
1217 1491 1430 1540 Israelitae‚
1465 1489 1624 1531 eandem
1657 1488 1731 1530 sibi

242 1579 541 1637 appellationem
581 1576 852 1626 vindicabant3
894 1584 932 1617 et
971 1578 1011 1616 in
1051 1574 1222 1616 secunda
1258 1583 1369 1631 parte
1405 1572 1624 1614 videbimus
1666 1571 1731 1613 de-

243 1664 502 1719 signationem
532 1659 701 1713 Habea,
743 1674 820 1716 qua
860 1674 954 1716 gens
989 1658 1107 1699 electa
1139 1673 1160 1698 a
1191 1658 1342 1712 rejectis
1373 1656 1559 1697 Kinnaeis
1593 1654 1731 1696 distin-

242 1747 389 1803 guitur,
425 1744 663 1801 significasse
697 1758 784 1793 eos,
821 1744 888 1799 qui
909 1741 1035 1784 Deum
1068 1739 1280 1797 diligebant
1311 1748 1428 1797 atque
1460 1737 1507 1779 ab
1535 1753 1580 1779 eo
1605 1737 1731 1778 dilecti

244 1838 365 1871 erant.
413 1829 600 1870 Homines
633 1835 762 1868 autem
794 1828 839 1875 ii,
874 1827 941 1882 qui
973 1838 1138 1881 procero
1171 1837 1336 1880 corpore
1359 1823 1485 1863 notati
1511 1829 1621 1870 sunt,
1657 1819 1732 1863 Ca-

243 1914 422 1954 naanitae
469 1919 582 1960 sunt,
633 1912 701 1966 qui
740 1908 952 1957 IsraelitaS‚
1004 1916 1188 1963 tanquam
1234 1905 1415 1962 pusillam
1463 1904 1732 1960 imbellemque

243 2004 448 2054 pastorum
487 1996 705 2042 nationem,
751 1992 950 2047 despectui
984 1988 1194 2030 habebant.
1260 1987 1367 2041 Quae
1401 2002 1522 2044 quum
1554 1989 1608 2028 ita
1639 1987 1728 2035 sint,

245 2077 439 2136 quidquid
470 2079 509 2118 in
540 2078 673 2132 priore
706 2074 923 2132 fragmento
957 2073 1005 2114 ab
1039 2073 1158 2113 altero
1190 2070 1371 2120 dissidet,
1406 2069 1503 2111 illud
1524 2069 1573 2111 ad
1595 2083 1732 2111 secun-

246 2162 333 2202 dam
365 2169 513 2217 partem
546 2157 790 2200 referendum
823 2156 937 2197 duco.
989 2155 1210 2198 Cohaerent
1233 2163 1361 2195 tamen
1383 2155 1594 2195 arctissime
1617 2151 1731 2193 ambo

246 2244 461 2301 fragmenta
492 2244 531 2282 in
564 2256 608 2283 ea
640 2242 830 2281 sententia
856 2254 972 2296 quam
996 2238 1091 2280 Gen.
1114 2238 1187 2287 VI,
1213 2236 1238 2279 3
1272 2237 1458 2286 declarat,
1491 2250 1628 2292 nempe
1651 2249 1733 2276 car-

245 2342 332 2369 nem
364 2334 539 2367 nostram
572 2332 650 2365 tam
681 2325 828 2379 peccati
861 2336 977 2378 quam
1009 2323 1146 2362 mortis
1178 2322 1219 2361 in
1250 2335 1290 2360 se
1322 2321 1469 2360 semina
1488 2318 1643 2360 habere.
1690 2318 1732 2359 In

247 2411 318 2451 hac
349 2424 390 2450 re
423 2406 653 2449 declaranda
677 2421 757 2447 non
780 2405 898 2446 modo
923 2406 1143 2446 communio
1168 2402 1356 2459 quaedam
1380 2404 1479 2443 inter
1502 2402 1601 2442 duos
1623 2401 1732 2442 locos

247 2491 468 2541 intercedit,
512 2493 564 2531 ita
602 2498 648 2530 ut
685 2487 734 2529 ab
775 2488 896 2529 altero
929 2487 978 2528 ad
1010 2487 1173 2528 alterum
1204 2485 1292 2526 inde
1324 2486 1488 2526 transire
1519 2486 1730 2540 possimus,

247 2575 316 2617 sed
354 2577 407 2616 ita
446 2576 485 2615 in
525 2588 570 2614 eo
605 2574 874 2620 consentiunt,
916 2572 955 2611 in
989 2584 1067 2627 quo
1102 2568 1217 2610 cardo
1250 2570 1305 2609 rei
1336 2576 1535 2616 versatur,
1576 2575 1622 2607 ut
1653 2566 1731 2607 duo

248 2659 342 2700 haec
374 2657 605 2713 fragmenta,
640 2663 826 2711 tanquam
857 2653 971 2694 binae
993 2653 1147 2703 valvae,
1182 2651 1231 2693 ad
1255 2665 1371 2693 unam
1394 2650 1566 2706 ejusdem
1589 2650 1733 2691 doctri-

247 2755 319 2782 nae
350 2739 673 2796 significationem
707 2740 806 2778 viam
839 2738 1026 2793 aperiant.

365 2822 513 2863 Verum
554 2836 711 2863 sensum
751 2820 961 2863 verborum
1000 2814 1117 2886 Ἶῖζῖξ
1156 2820 1250 2865 &m
1289 2813 1457 2885 ΠᾈΨΞ,
1508 2830 1595 2857 eum
1635 2830 1731 2865 esse,

250 2921 363 2963 quem
395 2907 435 2947 in
458 2907 638 2948 versione
658 2905 799 2948 Latina
829 2906 966 2961 posui,
1001 2902 1232 2944 confirmant
1262 2903 1390 2943 cuncti
1412 2901 1578 2942 sanioris
1594 2897 1734 2955 judicii
