1867 3301
876 214 1020 284 ἶ166

222 358 327 399 m'lzil
357 358 514 399 addens
546 356 734 412 amplius,
769 363 807 396 et
837 355 999 411 scripsit
1031 368 1079 395 ea
1109 355 1154 396 in
1185 355 1344 397 duabus
1375 354 1522 396 tabulis
1542 354 1717 410 lapideis

224 456 320 498 quas
355 440 462 482 (ledit
493 440 614 481 mihi«
650 436 789 491 (Deut.
808 437 858 487 V,
887 434 978 490 19).
1041 437 1092 478 Et
1130 452 1251 494 quum
1282 437 1415 479 Moses
1448 440 1600 493 priores
1632 438 1715 480 illas

226 525 377 566 tabulas
411 523 686 579 confregisset,
722 537 803 562 non
835 521 927 570 alia,
962 520 1031 562 sed
1063 520 1193 562 eadem
1218 520 1337 562 verba
1368 523 1534 577 repetita
1565 523 1717 562 suntin

224 608 380 657 tabulis,
417 621 515 663 quae
549 605 599 646 ad
624 607 802 661 priorum
827 604 1024 660 exemplar
1047 604 1200 645 dolatae
1223 612 1316 645 sunt
1339 601 1471 656 (Deut.
1493 604 1545 654 X,
1573 602 1716 658 1-4).

226 691 334 745 Quae
375 705 497 746 qumn
538 691 591 730 ita
631 691 728 738 sint,
771 703 853 729 non
893 687 1040 744 duplex
1077 696 1177 737 erat,
1220 687 1288 728 sed
1319 689 1433 728 unica
1465 688 1560 745 legis
1594 687 1719 730 decla-

225 777 347 824 rati03
382 782 419 815 et
451 775 482 813 si
517 775 585 830 qui
608 772 824 813 Exodicam
852 773 1072 812 versionem
1094 771 1446 815 Deuteronomicae
1479 780 1720 827 anteponen-

226 858 313 899 dam
347 857 515 906 ducunt,
550 858 596 897 iis
631 858 731 898 certe
753 854 950 912 probandi
973 869 1073 896 onus
1096 855 1349 911 injungamus
1371 854 1476 904 licet,
1511 863 1718 912 antequam

224 941 339 983 fidem
371 949 547 982 nostram
579 940 910 981 Deuteronomico
945 940 1127 994 scriptori
1160 938 1407 994 denegemus.

344 1024 494 1067 Deinde
526 1039 633 1073 vero,
674 1025 707 1064 si
738 1025 863 1079 ipsam
896 1021 1082 1078 Decalogi
1116 1029 1353 1062 structuram
1386 1021 1642 1079 attendimus,
1683 1030 1722 1063 et

224 1108 447 1151 Exodicum
479 1116 632 1148 textum
666 1121 752 1147 eum
784 1106 1115 1147 Deuteronomico
1151 1119 1434 1162 comparanmS,
1469 1105 1532 1146 hic
1564 1104 1720 1162 quidem

228 1195 357 1233 onmia
390 1194 602 1233 concinunt
636 1199 753 1246 atque
787 1190 1015 1238 cohaerent,
1049 1188 1125 1229 illie
1159 1197 1287 1229 autem
1310 1189 1370 1230 vel
1400 1189 1721 1245 interpolatorem

226 1277 287 1317 vel
327 1278 555 1317 oscitantem
596 1273 762 1315 scribam
803 1272 1144 1329 deprehendimus.
1208 1272 1398 1313 Primaria
1438 1272 1603 1314 duarum
1634 1287 1722 1314 ver-

228 1363 384 1401 sionum
418 1359 679 1415 discrepantia
718 1360 756 1398 in
796 1365 996 1413 postrema
1028 1356 1200 1397 mandati
1233 1358 1362 1413 quarti
1396 1356 1568 1397 clausula
1600 1358 1722 1398 cerni-

228 1453 304 1485 tur.
371 1443 502 1497 Quum
542 1444 643 1483 enim
682 1440 861 1482 Exodica
902 1439 1020 1481 editio
1055 1438 1218 1481 Sabbati
1257 1439 1494 1482 observandi
1532 1441 1721 1481 rationem

228 1530 267 1568 in
307 1542 352 1567 eo
396 1528 566 1583 quaerit,
610 1524 719 1582 quod
751 1524 904 1566 Jehova
940 1523 1129 1564 mundum
1163 1539 1234 1565 sex
1267 1523 1404 1565 diebus
1437 1532 1622 1574 creasset,
1663 1538 1723 1566 re-

230 1612 444 1667 quievisset
482 1618 611 1650 autem
652 1608 713 1649 die
753 1609 918 1663 septimo
954 1604 1107 1660 (Exod.
1134 1606 1232 1657 XX,
1263 1605 1354 1660 11),
1394 1607 1724 1649 Deuteronomiea

230 1694 440 1750 descriptio
475 1693 690 1733 humanum
723 1706 766 1732 ac
797 1705 920 1747 paene
945 1689 1214 1732 Christianum
1247 1699 1520 1747 argumentum
1552 1690 1722 1747 subjicit,

230 1792 367 1834 nempe
407 1785 451 1818 ut
490 1777 777 1832 requiescerent
814 1776 916 1815 servi
947 1774 1228 1824 Israelitarum,
1272 1782 1389 1831 atque
1420 1783 1466 1816 ut
1496 1776 1571 1831 ipsi
1601 1775 1725 1816 Israe-

229 1863 319 1902 litae
359 1861 605 1901 meminerint
646 1859 750 1915 quali
789 1860 899 1914 ipsos
940 1860 1128 1899 servitute
1160 1857 1312 1899 Jehova
1348 1856 1549 1899 liberasset
1582 1856 1721 1910 (Deut.

230 1945 280 1994 V,
308 1943 374 1994 14,
403 1941 487 1997 15).
550 1943 655 1984 Haec
693 1950 751 1983 est
788 1941 916 1998 proba
947 1941 1167 1982 recordatio
1199 1940 1327 1998 proba
1359 1941 1598 1983 humanitate
1631 1956 1725 1983 con-

225 2030 384 2085 juncta,
419 2042 517 2083 quae
550 2028 730 2067 concinat
761 2028 875 2067 etiam
908 2040 994 2066 cum
1026 2027 1137 2066 initio
1161 2024 1346 2082 Decalogi
1378 2027 1419 2066 in
1449 2034 1617 2082 utraque
1641 2039 1726 2066 ver-

233 2115 362 2153 sione:
411 2110 521 2167 »Ego
563 2125 649 2150 sum
689 2109 843 2150 Jehova
882 2109 988 2150 Deus
1030 2117 1145 2158 tuuS,
1195 2111 1262 2165 qui
1302 2108 1421 2150 eduxi
1460 2117 1498 2150 te
1538 2109 1584 2150 de
1621 2117 1726 2150 terra

232 2196 429 2252 Aegypti,
465 2194 514 2234 de
547 2194 666 2234 domo
698 2194 926 2234 servitutis«
961 2190 1113 2245 (Exod.
1136 2191 1234 2241 XX,
1259 2191 1298 2233 2.
1342 2192 1457 2233 Deut.
1481 2191 1530 2242 V,
1555 2189 1613 2244 6).
1675 2191 1726 2233 Et

234 2294 356 2335 quum
396 2277 590 2318 Dominus
638 2285 774 2317 noster
820 2291 894 2317 suo
941 2278 981 2316 in
1023 2277 1141 2316 vitam
1187 2274 1317 2316 reditu
1363 2290 1436 2316 nos
1478 2289 1637 2332 quoque
1676 2289 1726 2316 ex

235 2363 479 2419 Aegyptiaca
511 2362 697 2401 servitute
731 2361 868 2400 mortis
902 2374 945 2399 ac
975 2361 1122 2414 peccati
1147 2358 1386 2408 liberaverit,
1421 2356 1608 2400 habemus
1635 2373 1726 2400 cau-

235 2462 318 2487 sam
365 2444 603 2485 consimilem
652 2452 689 2484 et
726 2451 1045 2491 consentaneam,
1094 2456 1213 2498 quare
1254 2444 1420 2498 septimo
1464 2455 1622 2497 quoque
1665 2441 1725 2483 die

238 2529 504 2571 Christianum
528 2527 746 2569 Sabbatum
780 2525 1028 2568 celebremus.
1076 2525 1218 2566 Primo
1251 2533 1399 2574 autem,
1434 2539 1513 2565 non
1542 2526 1724 2580 septimo,

238 2612 494 2654 hebdomadis
528 2611 588 2653 die
609 2612 803 2652 Israelitae
837 2624 996 2667 quoque
1029 2624 1048 2650 e
1080 2617 1183 2650 terra
1215 2610 1414 2649 servitutis
1446 2610 1590 2665 egressi
1620 2616 1723 2649 sunt.

239 2696 357 2749 Quod
395 2698 428 2736 si
469 2710 554 2736 cum
592 2695 772 2736 Exodico
815 2693 962 2735 editore
1005 2692 1228 2734 mandatum
1267 2692 1343 2732 hoc
1384 2691 1431 2732 ad
1472 2691 1723 2749 symbolicam

238 2779 341 2820 illam
372 2778 443 2820 Dei
483 2781 675 2835 requiem,
721 2793 819 2835 quae
859 2793 929 2819 sex
961 2778 1166 2818 creationis
1200 2775 1280 2817 dies
1314 2784 1523 2817 consecuta
1555 2777 1624 2825 sit,
1665 2789 1726 2816 re-

238 2862 438 2904 ferendum
470 2877 614 2912 censes,
653 2877 795 2904 novam
828 2871 865 2904 et
895 2861 1091 2917 Decalogo
1124 2862 1279 2902 minime
1313 2875 1525 2916 congruam
1556 2859 1726 2899 illustra-

238 2947 382 2988 tionem
413 2945 579 2986 infercis.
629 2944 764 3002 Neque
797 2947 895 2986 enim
928 2947 1038 2986 initio
1064 2943 1282 2985 tabularum
1305 2943 1457 2986 Jehova
1479 2958 1518 2985 se
1539 2950 1724 2998 tanquam
