1867 3301
83 349 268 397 continet,
302 361 472 404 quorum
504 355 714 404 utrumque
748 347 911 389 Davidis
944 348 1089 404 stylum
1124 355 1240 404 atque
1266 348 1436 389 indolem
1460 363 1577 405 quam

84 433 248 473 maxime
280 433 415 488 spirat,
450 446 472 472 a
503 430 667 472 Psalmis
700 431 787 481 illis,
823 433 890 488 qui
914 431 1076 472 Davidis
1109 434 1266 473 nomine
1300 431 1577 474 circumferun-

82 523 166 565 tur,
208 514 256 556 ab
295 517 408 556 initio
450 515 686 557 exsularent.
760 514 879 568 Quod
917 515 967 556 ad
1005 518 1221 557 novissima
1254 515 1416 557 Davidis
1457 515 1576 557 verba

81 600 231 648 attinet,
267 597 556 641 observandum
583 608 653 648 est,
688 600 892 656 pristinam
915 600 1019 640 illam
1041 599 1289 641 Psalmorum
1313 599 1576 641 collectionem

82 683 120 724 in
152 682 350 724 Psalmum
382 682 527 724 LXXII
559 683 753 732 desinere,
789 685 856 739 qui
889 697 1010 740 quum
1043 683 1217 739 ejusdem
1250 682 1325 724 scre
1357 685 1576 741 argumenti

81 768 143 815 sit,
178 766 328 808 facilius
360 775 517 823 poterat
549 769 620 808 iste
653 747 788 808 editorv
812 766 991 809 breviore
1025 768 1216 809 cantilena
1249 782 1390 809 carere.
1443 767 1575 824 Atque

80 851 134 891 ita
173 852 303 892 omnia
343 866 382 893 se
420 853 585 892 invicem
625 850 878 900 confirmant,
920 859 958 892 et
998 852 1284 908 simplicissima
1320 851 1393 892 hac
1424 853 1574 892 ratione

79 942 163 976 tum
194 936 399 991 pristinam
430 934 638 976 Jasharani
669 933 757 976 libri
786 933 963 985 formam,
998 934 1047 976 ad
1069 937 1272 992 septimam
1294 943 1442 991 partem
1466 934 1576 992 quod

80 1019 237 1068 attinet,
280 1019 362 1060 tum
399 1020 724 1075 compositionem
756 1018 1004 1060 Psalmorum
1036 1033 1108 1060 sua
1139 1019 1223 1060 luce
1256 1019 1449 1060 illustrare
1480 1033 1575 1075 pos-

13 1136 16 1137 .
80 1116 230 1144 sumus.

197 1186 241 1228 In
272 1186 349 1227 1106
381 1188 546 1229 carmine
578 1194 726 1243 septem
759 1194 853 1228 sunt
882 1188 1137 1244 partitiones,
1176 1187 1237 1228 vel
1269 1186 1469 1243 strophae.
1531 1186 1574 1228 In

78 1272 205 1328 prima
236 1266 316 1323 (vv.
340 1267 490 1323 2—4)
524 1270 716 1312 Jehovam
757 1271 1034 1328 opitulatorem
1076 1271 1245 1312 celebrat
1283 1270 1468 1312 Davides.
1530 1270 1573 1311 In

79 1354 251 1396 secunda
283 1351 365 1407 (vv.
390 1351 538 1408 5—7)
572 1354 777 1405 describit,
818 1357 974 1412 quantis
1006 1357 1047 1396 in
1079 1357 1270 1412 angustiis
1302 1355 1428 1416 Deum
1461 1357 1575 1396 invo-

80 1440 237 1480 caverit.
297 1438 340 1479 In
370 1440 486 1480 tertia
517 1422 784 1492 (WB—16)
818 1439 975 1480 sublimi
1009 1440 1185 1480 oratione
1219 1439 1396 1496 depingit
1427 1447 1574 1496 quanta

79 1521 357 1564 elementorum
402 1521 509 1564 rabie
547 1522 700 1564 Jehova
738 1522 974 1564 Philistacos
1022 1523 1129 1580 apud
1167 1523 1413 1580 Baalprazim
1459 1523 1574 1564 dissi·-

77 1614 222 1662 passet.
284 1606 327 1647 In
359 1615 499 1663 quarta
531 1603 612 1659 (νν.
640 1604 843 1659 17—30)
876 1606 1145 1648 liberationem
1176 1607 1279 1648 illam
1311 1608 1448 1664 pietati
1480 1621 1572 1647 suae

78 1689 269 1745 attribuit.
331 1690 374 1731 In
407 1692 543 1747 quinta
577 1686 659 1742 (vv,
685 1688 883 1744 31-37)
922 1690 971 1732 311
1002 1691 1075 1732 Dei
1105 1691 1241 1733 laudes
1274 1700 1312 1732 et
1340 1691 1466 1732 robur
1498 1689 1572 1731 sibi

79 1786 307 1815 concessum
338 1773 452 1815 redit.
504 1774 547 1815 In
580 1783 692 1816 sexta
724 1771 805 1824 (vv.
831 1772 1024 1827 38—46)
1055 1777 1235 1816 miseram
1272 1774 1448 1816 hostium
1479 1789 1574 1815 suo-

77 1871 165 1899 rum
197 1865 342 1899 sortem
373 1857 603 1913 proclamat.
650 1858 693 1899 In
724 1860 891 1915 septima
924 1856 1006 1912 (vv.
1029 1856 1085 1900 47
1103 1883 1146 1889 —-
1164 1855 1237 1911 51)
1266 1858 1456 1899 Jehovam
1486 1865 1572 1899 tan-

78 1955 194 1998 quam
226 1956 386 1983 suarum
418 1956 549 1983 rerum
581 1941 760 1983 columen
792 1942 995 1999 magnifica
1026 1942 1316 1999 praedicatione
1349 1942 1516 2002 extqllit.

194 2025 286 2067 Non
319 2040 420 2082 opus
459 2033 537 2075 est,
578 2033 623 2066 ut
660 2034 729 2067 tua
768 2034 947 2083 tempora
984 2026 1104 2083 longa
1143 2026 1389 2083 singulorum
1429 2025 1572 2067 verbo-

75 2123 164 2151 rum
201 2111 522 2166 interpretatione
561 2124 702 2151 morer.
768 2109 844 2163 Qui
882 2110 978 2151 tales
1020 2109 1322 2166 disceptationes
1365 2109 1569 2160 desideret,

76 2195 109 2234 is
140 2193 483 2235 Rosenmiillerum
505 2193 566 2235 vel
597 2194 825 2235 Maurerum
857 2193 982 2235 adeat.
1029 2193 1172 2235 Versio
1206 2194 1345 2235 Latina
1378 2193 1568 2243 ostendet,

78 2291 178 2334 quos
212 2278 442 2334 interpretes
476 2286 633 2320 secutus
667 2280 759 2328 sim,
801 2286 838 2319 et
870 2292 985 2335 quem
1018 2293 1176 2319 sensum
1209 2279 1349 2334 cuique
1381 2278 1468 2319 loco
1501 2279 1571 2318 tri-

75 2359 206 2402 buam.
271 2359 351 2403 Sed
382 2362 530 2404 locutio
562 2362 628 2403 illa
660 2362 869 2419 singularis
903 2359 957 2415 (v.
983 2359 1026 2415 5)
1058 2345 1220 2423 ῙἋ-ῙἹῘἿΞ
1252 2362 1368 2421 Uri}
1402 2361 1569 2417 aliquam

75 2445 377 2488 illustrationem
409 2446 620 2487 etiamdum
652 2445 852 2503 efflagitat,
886 2448 1113 2502 praesertim
1148 2425 1268 2502 quum
1292 2425 1412 2486 verba
1433 2444 1570 2485 ultima

76 2528 239 2571 Davidis
272 2530 433 2572 similem
473 2528 740 2572 difficultatem
775 2532 931 2586 pariant
963 2526 1006 2582 (2
1030 2528 1134 2570 Sam.
1158 2529 1298 2578 XXIII,
1324 2526 1380 2582 6).
1447 2527 1570 2581 Quid-

77 2612 173 2669 quid
205 2612 251 2654 de
285 2613 476 2655 vocabulo
509 2596 671 2675 ὶἋ-ἵῖἦΞ
704 2615 908 2663 statueris,
951 2628 1072 2670 quum
1104 2612 1144 2653 id
1176 2627 1327 2654 summa
1359 2627 1444 2653 cum
1478 2614 1516 2653 vi
1547 2627 1569 2652 a

75 2695 226 2737 Davide
259 2696 502 2747 adhibeatur,
536 2677 683 2739 certum
717 2706 775 2739 est
805 2696 965 2738 candem
999 2711 1082 2737 6556
1112 2698 1220 2737 vocis
1252 2696 1426 2752 ejusdem
1457 2703 1569 2737 utro—

75 2778 195 2836 bique
227 2780 561 2837 significationem,
594 2757 641 2822 ut
671 2781 791 2822 falsus
825 2783 876 2822 sit
908 2779 1110 2830 Gesenius,
1142 2782 1209 2837 qui
1241 2781 1303 2821 hic
1326 2780 1566 2837 perniciem,

78 2863 147 2904 sed
178 2865 218 2905 in
248 2862 339 2905 Job.
368 2863 555 2914 XXXIV,
584 2862 650 2907 18.
682 2864 783 2906 Nah.
806 2864 855 2914 ΙΙ,
884 2862 919 2905 1.
953 2872 992 2906 61
1022 2864 1108 2905 1060
1144 2863 1334 2905 Samuelis
1367 2863 1567 2905 hominem

79 2947 247 2990 exitium
270 2954 506 3004 parantem,
539 2948 742 3006 intelligat.
797 2947 1030 3005 Interpretcs
1063 2956 1101 2990 et
1130 2947 1400 3005 lexicographi
1434 2960 1567 2988 onmes
