1867 3301
844 181 908 227 49

130 323 297 366 infantes
330 337 480 365 summa
510 335 664 364 morum
697 322 1059 378 cogitationumque
1097 307 1321 360 innocentia
1352 330 1432 357 una
1464 315 1624 373 degunt,

131 417 317 465 tanquam
358 410 391 449 si
433 407 575 449 diversi
617 387 736 447 sexus
773 420 855 446 non
887 413 1036 455 essent3
1080 402 1149 445 sed
1181 416 1302 460 quum
1335 400 1451 443 semel
1483 401 1627 441 conscii

131 491 275 534 fuerint
306 491 395 533 facti
426 492 635 548 potestatis
668 498 706 531 et
739 488 920 531 desiderii
953 488 1145 538 sexualis,
1179 486 1282 528 illico
1315 484 1510 543 pudorem
1535 499 1628 526 con-

132 578 301 633 cipiunt,
346 591 389 618 ea
429 590 528 632 quae
569 589 707 616 sexum
749 573 1001 630 distinguunt
1042 571 1252 629 retegenda
1292 571 1535 619 existimant,
1577 576 1625 618 ct,

132 663 309 718 quamvis
351 662 429 701 sint
466 659 584 701 rudes
623 674 667 700 ac
698 657 875 707 barbari,
919 656 1164 714 subligaculo
1201 654 1463 712 qualicunque
1496 668 1535 695 se
1567 667 1629 694 re-

132 747 305 802 cingunt.
371 741 489 798 Quod
533 745 742 801 praecipue
784 742 887 784 valet
929 741 975 783 de
1014 741 1116 782 virili
1157 741 1421 797 generationis
1463 752 1626 795 organ0‚

132 828 241 886 quod
273 827 347 870 sub
382 830 579 885 appetitus
605 827 777 884 impulsu
800 835 995 876 movetur,
1027 833 1182 882 turget,
1218 825 1381 866 erectius
1404 822 1466 872 fit,
1504 836 1629 878 eoque

132 912 368 970 singularem
411 912 605 970 quendam
648 910 834 953 obscoeni
874 911 1047 968 inguinis
1090 909 1297 950 horrorem
1327 908 1480 948 incutit.
1543 906 1630 946 Hoc

131 997 228 1038 illud
260 1006 319 1039 est
351 997 461 1054 quod
492 998 694 1038 verissime
728 995 956 1036 observavit
988 1002 1146 1036 sanctus
1179 1000 1316 1033 noster
1347 999 1475 1032 vates:
1522 1004 1630 1031 »ser-

131 1090 286 1138 pentem
315 1083 353 1123 in
378 1080 560 1122 omnibus
583 1079 814 1121 animalibus
838 1080 980 1121 eximia
1000 1078 1177 1120 nuditate
1201 1078 1459 1133 conspicuum
1481 1073 1628 1116 fuisse«

133 1162 254 1218 (Gen.
286 1165 353 1215 Ill,
390 1162 451 1216 1).
517 1164 608 1206 Scio
650 1164 830 1221 equidem
871 1178 1004 1204 omnes
1045 1161 1094 1203 ad
1126 1161 1232 1203 hunc
1265 1160 1366 1202 diem
1397 1162 1628 1215 interpretes

131 1247 294 1290 verbum
326 1252 449 1316 ΕἿἾᾺΤῙ
481 1247 698 1290 reddidisse
733 1247 948 1289 »callidus«
981 1246 1042 1288 vel
1075 1246 1336 1302 »malignus«.
1391 1243 1481 1286 Scio
1516 1245 1630 1284 etiam

131 1342 280 1375 veteres
321 1332 443 1374 multa
476 1331 622 1374 dixisse
656 1332 702 1373 de
734 1332 905 1388 maligna
936 1339 974 1372 et
1006 1330 1142 1372 callida
1174 1331 1365 1385 serpentis
1398 1327 1529 1369 indole
1564 1324 1627 1380 (cf.

134 1416 229 1459 Gen.
253 1416 402 1466 XLIX,
427 1415 492 1458 17.
526 1417 669 1458 Matth.
692 1416 751 1466 X,
780 1413 846 1457 16.
879 1414 1049 1456 Aristot.
1072 1414 1121 1454 H.
1144 1413 1194 1455 A.
1217 1413 1253 1461 Ι,
1278 1411 1343 1454 14.
1377 1411 1526 1467 Aesop.
1551 1409 1628 1450 fab.

134 1500 189 1543 70
220 1498 346 1554 caet.).
413 1500 502 1542 Scio
538 1500 724 1558 denique,
770 1515 891 1557 quum
925 1497 1060 1540 ambae
1092 1512 1209 1539 voces
1244 1495 1294 1537 ad
1324 1495 1493 1537 radicem
1525 1498 1631 1561 '0332'

132 1584 362 1635 referantur,
396 1585 720 1642 Lexicographos
754 1584 993 1641 distinguere
1024 1585 1125 1624 inter
1154 1584 1294 1649 ΕΠἾῌ,
1330 1579 1558 1629 »callidus«,-
1594 1586 1632 1619 et

132 1663 256 1737 ΕῆἾλτῖ
297 1669 359 1710 vel
398 1663 517 1736 ῦῆξ,
560 1669 760 1710 »nudus«.
827 1666 958 1722 Quum
998 1675 1127 1708 tamen
1166 1666 1243 1707 hoc
1278 1663 1516 1706 vocabulum
1555 1677 1630 1719 pro

132 1752 345 1794 foeminino
388 1752 532 1794 habeat
571 1756 728 1821 rigny,
777 1767 850 1809 pro
898 1751 1042 1808 plurali
1082 1753 1278 1811 ΕἾᾩῆἾξ,
1329 1748 1509 1805 equidem
1550 1762 1631 1789 non

134 1836 299 1893 dispicio
335 1851 402 1878 cur
433 1822 688 1894 punctatores
709 1816 851 1877 ‘neseio
887 1850 989 1892 quos
1021 1843 1100 1876 tam
1133 1813 1515 1876 caeca'veneratione
1537 1847 1632 1888 pro-

135 1923 246 1978 sequi
297 1921 469 1963 debeam.
535 1920 578 1963 Si
626 1923 748 1978 igitur
792 1935 874 1961 uno
916 1927 1116 1961 stemmate
1157 1920 1409 1959 continentur
1446 1918 1630 1958 notiones

136 2005 370 2046 calliditatis
400 2014 438 2047 et
468 2005 685 2058 nuditatis,
727 2019 805 2045 non
841 2003 920 2044 dno
954 2011 1064 2044 erant
1096 2002 1288 2058 adjectiva
1319 2000 1409 2041 inde
1443 2000 1629 2049 derivata,

136 2088 203 2131 sed
234 2103 357 2130 unum
389 2088 660 2138 solummodo,
705 2086 814 2144 quod
845 2095 1010 2144 propter
1042 2085 1242 2127 foeminini
1274 2094 1312 2126 et
1341 2083 1505 2141 pluralis
1539 2098 1632 2124 con-

135 2172 390 2215 formationes
438 2186 510 2229 per
548 2172 722 2213 vocalem
769 2170 917 2228 shweq
965 2172 1186 2227 exprimens
1227 2172 1354 2236 ΠἫῌ
1399 2169 1630 2225 pronuntio.

137 2256 255 2311 Quod
296 2256 345 2298 ad
383 2258 747 2313 interpretationem
786 2255 907 2311 hujus
939 2255 1015 2296 loci
1048 2256 1205 2304 attinet,
1249 2255 1337 2310 quis
1371 2266 1517 2309 quaeso
1553 2266 1634 2293 cre·-

136 2340 279 2382 diderit
325 2340 489 2383 eundem
531 2342 763 2397 scriptorem
810 2342 850 2381 in
892 2338 1049 2381 duobus
1090 2337 1294 2391 versiculis
1333 2345 1412 2378 tam
1452 2337 1633 2392 proxime

137 2426 345 2475 connexis,
379 2425 499 2474 idem,
534 2424 615 2474 vel,
651 2426 684 2465 si
715 2425 839 2481 magis
871 2423 1016 2480 placet,
1050 2431 1130 2464 tam
1155 2421 1232 2463 fere
1257 2421 1360 2463 idem
1381 2419 1631 2468 vocabulum,

137 2508 247 2565 quod
278 2511 317 2550 in
351 2517 434 2550 tota
465 2510 690 2551 narratione
715 2516 868 2550 tantum
890 2507 1078 2564 ponderis
1103 2514 1300 2556 exerceat,
1337 2504 1491 2545 diversa
1513 2504 1634 2560 signi·-

136 2591 316 2635 ficatione
356 2607 551 2650 usurpare
592 2591 802 2650 potuisse?
848 2591 922 2633 Vir
963 2599 1001 2633 et
1041 2590 1210 2632 foemina
1247 2589 1350 2630 nudi
1381 2596 1508 2638 erant,
1551 2589 1633 2628 sine

136 2675 309 2734 pudore3
343 2691 502 2734 serpens
536 2676 611 2718 fuit
641 2677 775 2718 nudas
805 2678 847 2717 in
880 2674 1063 2717 omnibus
1090 2673 1344 2724 animalibus3
1379 2685 1538 2729 serpens
1562 2672 1634 2712 iste

138 2761 178 2801 in
220 2774 337 2802 causa
375 2759 468 2811 suit,
513 2775 582 2802 cur
613 2760 854 2818 protoplasti
887 2774 927 2801 se
959 2759 1092 2801 nudos
1123 2773 1206 2799 esse
1237 2759 1466 2814 reperirent.
1530 2755 1635 2795 Haec

141 2846 270 2886 omnia
301 2858 381 2886 uno
413 2853 550 2886 tenore
584 2853 766 2895 currunt,
801 2839 918 2902 quem
949 2844 1226 2899 interruperis‚
1261 2843 1294 2882 si
1325 2856 1396 2898 per
1420 2843 1636 2895 intercape—

140 2927 269 2970 dinem
292 2927 476 2984 subjicias
499 2937 717 2986 serpentem
739 2930 858 2971 istum
880 2943 962 2971 non
983 2926 1152 2981 nudum,
1179 2925 1248 2968 sed
1270 2924 1476 2977 callidam,
1502 2921 1634 2964 fuisse.

1329 3005 1350 3040 4
