<?xml version="1.0" encoding="UTF-8"?>
<!DOCTYPE html PUBLIC "-//W3C//DTD XHTML 1.0 Transitional//EN"
    "http://www.w3.org/TR/xhtml1/DTD/xhtml1-transitional.dtd">
<html xmlns="http://www.w3.org/1999/xhtml" xml:lang="en" lang="en">
 <head>
  <title>
</title>
<meta http-equiv="Content-Type" content="text/html;charset=utf-8" />
  <meta name='ocr-system' content='tesseract 3.04.00' />
  <meta name='ocr-capabilities' content='ocr_page ocr_carea ocr_par ocr_line ocrx_word'/>
</head>
<body>
  <div class='ocr_page' id='page_1' title='image "./jasharfragmentaa00dona_0194.png"; bbox 0 0 1867 3301; ppageno 0'>
   <div class='ocr_carea' id='block_1_1' title="bbox 859 181 1536 254">
    <p class='ocr_par' dir='ltr' id='par_1_1' title="bbox 859 181 1536 254">
     <span class='ocr_line' id='line_1_1' title="bbox 859 181 1536 254; baseline -0.006 -1"><span class='ocrx_word' id='word_1_1' title='bbox 859 181 1000 253; x_wconf 37' lang='lat'>-.229</span> <span class='ocrx_word' id='word_1_2' title='bbox 1018 249 1087 254; x_wconf 34' lang='grc' dir='ltr'>μ,</span> <span class='ocrx_word' id='word_1_3' title='bbox 1528 204 1536 224; x_wconf 63' lang='lat'><em>1</em></span> 
     </span>
    </p>
   </div>
   <div class='ocr_carea' id='block_1_2' title="bbox 200 318 1699 1474">
    <p class='ocr_par' dir='ltr' id='par_1_2' title="bbox 200 318 1699 1474">
     <span class='ocr_line' id='line_1_2' title="bbox 203 318 1692 386; baseline -0.005 -16"><span class='ocrx_word' id='word_1_4' title='bbox 203 344 318 386; x_wconf 84' lang='lat' dir='ltr'>quam</span> <span class='ocrx_word' id='word_1_5' title='bbox 368 325 579 384; x_wconf 84' lang='lat' dir='ltr'>aliqnando</span> <span class='ocrx_word' id='word_1_6' title='bbox 628 326 777 381; x_wconf 79' lang='lat' dir='ltr'>posteri</span> <span class='ocrx_word' id='word_1_7' title='bbox 802 324 900 378; x_wconf 74' lang='lat' dir='ltr'>vejus</span> <span class='ocrx_word' id='word_1_8' title='bbox 944 321 1172 363; x_wconf 73' lang='lat' dir='ltr'>debellaturi</span> <span class='ocrx_word' id='word_1_9' title='bbox 1214 329 1333 362; x_wconf 82' lang='lat' dir='ltr'>eraut.</span> <span class='ocrx_word' id='word_1_10' title='bbox 1400 318 1479 362; x_wconf 80' lang='lat' dir='ltr'>Sed</span> <span class='ocrx_word' id='word_1_11' title='bbox 1517 323 1692 362; x_wconf 83' lang='lat' dir='ltr'>constitit</span> 
     </span>
     <span class='ocr_line' id='line_1_3' title="bbox 202 403 1688 468; baseline -0.007 -14"><span class='ocrx_word' id='word_1_12' title='bbox 202 414 338 468; x_wconf 86' lang='lat' dir='ltr'>majori</span> <span class='ocrx_word' id='word_1_13' title='bbox 378 420 472 452; x_wconf 89' lang='lat' dir='ltr'>natu</span> <span class='ocrx_word' id='word_1_14' title='bbox 513 424 608 451; x_wconf 89' lang='lat' dir='ltr'>suus</span> <span class='ocrx_word' id='word_1_15' title='bbox 648 408 790 449; x_wconf 80' lang='lat' dir='ltr'>honos.</span> <span class='ocrx_word' id='word_1_16' title='bbox 854 405 905 447; x_wconf 87' lang='lat' dir='ltr'>Et</span> <span class='ocrx_word' id='word_1_17' title='bbox 944 406 1075 446; x_wconf 89' lang='lat' dir='ltr'>multis</span> <span class='ocrx_word' id='word_1_18' title='bbox 1116 414 1209 461; x_wconf 91' lang='lat' dir='ltr'>post</span> <span class='ocrx_word' id='word_1_19' title='bbox 1246 404 1408 445; x_wconf 88' lang='lat' dir='ltr'>saeculis</span> <span class='ocrx_word' id='word_1_20' title='bbox 1440 403 1688 454; x_wconf 83' lang='lat' dir='ltr'>Mahunieda,</span> 
     </span>
     <span class='ocr_line' id='line_1_4' title="bbox 200 488 1691 550; baseline -0.005 -13"><span class='ocrx_word' id='word_1_21' title='bbox 200 495 451 539; x_wconf 78' lang='lat' dir='ltr'>ismaeliticus</span> <span class='ocrx_word' id='word_1_22' title='bbox 477 492 848 550; x_wconf 69' lang='lat' dir='ltr'>pseudopropheta,</span> <span class='ocrx_word' id='word_1_23' title='bbox 883 498 1050 531; x_wconf 87' lang='lat' dir='ltr'>veterem</span> <span class='ocrx_word' id='word_1_24' title='bbox 1073 488 1430 529; x_wconf 88' lang='lat' dir='ltr'>Abrahamidarum</span> <span class='ocrx_word' id='word_1_25' title='bbox 1452 488 1691 544; x_wconf 77' lang='lat' dir='ltr'><strong>relligionem</strong></span> 
     </span>
     <span class='ocr_line' id='line_1_5' title="bbox 202 571 1692 629; baseline -0.005 -8"><span class='ocrx_word' id='word_1_26' title='bbox 202 582 341 621; x_wconf 89' lang='lat' dir='ltr'>mirum</span> <span class='ocrx_word' id='word_1_27' title='bbox 381 580 419 619; x_wconf 90' lang='lat' dir='ltr'>in</span> <span class='ocrx_word' id='word_1_28' title='bbox 461 577 622 618; x_wconf 89' lang='lat' dir='ltr'>modum</span> <span class='ocrx_word' id='word_1_29' title='bbox 655 573 825 616; x_wconf 90' lang='lat' dir='ltr'>ludibrio</span> <span class='ocrx_word' id='word_1_30' title='bbox 859 575 987 615; x_wconf 85' lang='lat' dir='ltr'>vertit.</span> <span class='ocrx_word' id='word_1_31' title='bbox 1052 572 1173 613; x_wconf 87' lang='lat' dir='ltr'>Periit</span> <span class='ocrx_word' id='word_1_32' title='bbox 1207 571 1319 625; x_wconf 80' lang='lat' dir='ltr'>Qaini</span> <span class='ocrx_word' id='word_1_33' title='bbox 1351 573 1571 629; x_wconf 84' lang='lat' dir='ltr'>progenies.</span> <span class='ocrx_word' id='word_1_34' title='bbox 1635 571 1692 614; x_wconf 85' lang='lat' dir='ltr'>Ne</span> 
     </span>
     <span class='ocr_line' id='line_1_6' title="bbox 203 653 1694 718; baseline -0.007 -13"><span class='ocrx_word' id='word_1_35' title='bbox 203 662 378 705; x_wconf 88' lang='lat' dir='ltr'>Herodes</span> <span class='ocrx_word' id='word_1_36' title='bbox 413 660 568 718; x_wconf 90' lang='lat' dir='ltr'>quidem</span> <span class='ocrx_word' id='word_1_37' title='bbox 600 659 875 701; x_wconf 89' lang='lat' dir='ltr'>Idumaeorum</span> <span class='ocrx_word' id='word_1_38' title='bbox 906 655 1153 714; x_wconf 77' lang='lat' dir='ltr'>tyrannidem</span> <span class='ocrx_word' id='word_1_39' title='bbox 1178 670 1406 697; x_wconf 82' lang='lat' dir='ltr'>conservare</span> <span class='ocrx_word' id='word_1_40' title='bbox 1431 658 1574 711; x_wconf 89' lang='lat' dir='ltr'>potuit.</span> <span class='ocrx_word' id='word_1_41' title='bbox 1615 653 1694 697; x_wconf 85' lang='lat' dir='ltr'>Sed</span> 
     </span>
     <span class='ocr_line' id='line_1_7' title="bbox 201 739 1693 803; baseline -0.005 -14"><span class='ocrx_word' id='word_1_42' title='bbox 201 747 404 790; x_wconf 88' lang='lat' dir='ltr'>Islamismi</span> <span class='ocrx_word' id='word_1_43' title='bbox 444 744 680 793; x_wconf 80' lang='lat' dir='ltr'>dominatio,</span> <span class='ocrx_word' id='word_1_44' title='bbox 723 742 770 783; x_wconf 90' lang='lat' dir='ltr'>ab</span> <span class='ocrx_word' id='word_1_45' title='bbox 803 741 1028 799; x_wconf 80' lang='lat' dir='ltr'>Hagarenis.</span> <span class='ocrx_word' id='word_1_46' title='bbox 1056 739 1250 803; x_wconf 81' lang='lat' dir='ltr'>prosecta,</span> <span class='ocrx_word' id='word_1_47' title='bbox 1290 754 1361 796; x_wconf 84' lang='lat' dir='ltr'>per</span> <span class='ocrx_word' id='word_1_48' title='bbox 1392 739 1536 781; x_wconf 86' lang='lat' dir='ltr'>multos</span> <span class='ocrx_word' id='word_1_49' title='bbox 1569 753 1693 781; x_wconf 87' lang='lat' dir='ltr'>annos</span> 
     </span>
     <span class='ocr_line' id='line_1_8' title="bbox 204 822 1692 885; baseline -0.005 -13"><span class='ocrx_word' id='word_1_50' title='bbox 204 831 265 873; x_wconf 90' lang='lat' dir='ltr'>vel</span> <span class='ocrx_word' id='word_1_51' title='bbox 287 829 470 885; x_wconf 80' lang='lat' dir='ltr'>Europae</span> <span class='ocrx_word' id='word_1_52' title='bbox 494 827 794 870; x_wconf 76' lang='lat' dir='ltr'>christianismo</span> <span class='ocrx_word' id='word_1_53' title='bbox 820 824 1085 874; x_wconf 69' lang='lat' dir='ltr'>minitabatur,</span> <span class='ocrx_word' id='word_1_54' title='bbox 1119 839 1188 865; x_wconf 89' lang='lat' dir='ltr'>nec</span> <span class='ocrx_word' id='word_1_55' title='bbox 1212 823 1303 865; x_wconf 89' lang='lat' dir='ltr'>dum</span> <span class='ocrx_word' id='word_1_56' title='bbox 1331 825 1486 880; x_wconf 89' lang='lat' dir='ltr'>penitus</span> <span class='ocrx_word' id='word_1_57' title='bbox 1509 822 1692 865; x_wconf 87' lang='lat' dir='ltr'>abolevit.</span> 
     </span>
     <span class='ocr_line' id='line_1_9' title="bbox 207 906 1697 970; baseline -0.005 -15"><span class='ocrx_word' id='word_1_58' title='bbox 207 914 314 969; x_wconf 83' lang='lat' dir='ltr'>Quae</span> <span class='ocrx_word' id='word_1_59' title='bbox 348 928 469 970; x_wconf 88' lang='lat' dir='ltr'>quum</span> <span class='ocrx_word' id='word_1_60' title='bbox 502 912 618 954; x_wconf 82' lang='lat' dir='ltr'>suerit</span> <span class='ocrx_word' id='word_1_61' title='bbox 648 910 721 952; x_wconf 88' lang='lat' dir='ltr'>Dei</span> <span class='ocrx_word' id='word_1_62' title='bbox 752 909 1021 966; x_wconf 86' lang='lat' dir='ltr'>providentia,</span> <span class='ocrx_word' id='word_1_63' title='bbox 1065 907 1247 948; x_wconf 88' lang='lat' dir='ltr'>libentius</span> <span class='ocrx_word' id='word_1_64' title='bbox 1282 906 1329 949; x_wconf 83' lang='lat' dir='ltr'>ab</span> <span class='ocrx_word' id='word_1_65' title='bbox 1362 907 1437 948; x_wconf 91' lang='lat' dir='ltr'>hoc</span> <span class='ocrx_word' id='word_1_66' title='bbox 1470 906 1556 949; x_wconf 90' lang='lat' dir='ltr'>loco</span> <span class='ocrx_word' id='word_1_67' title='bbox 1590 907 1697 948; x_wconf 89' lang='lat' dir='ltr'>colli-</span> 
     </span>
     <span class='ocr_line' id='line_1_10' title="bbox 204 990 1694 1056; baseline -0.005 -16"><span class='ocrx_word' id='word_1_68' title='bbox 204 1013 294 1056; x_wconf 79' lang='lat' dir='ltr'>gas,</span> <span class='ocrx_word' id='word_1_69' title='bbox 337 996 542 1038; x_wconf 88' lang='lat' dir='ltr'>Ismaelum</span> <span class='ocrx_word' id='word_1_70' title='bbox 574 1010 644 1037; x_wconf 88' lang='lat' dir='ltr'>nec</span> <span class='ocrx_word' id='word_1_71' title='bbox 675 996 786 1035; x_wconf 85' lang='lat' dir='ltr'>initio</span> <span class='ocrx_word' id='word_1_72' title='bbox 819 1001 929 1035; x_wconf 86' lang='lat' dir='ltr'>tanto</span> <span class='ocrx_word' id='word_1_73' title='bbox 965 991 1056 1033; x_wconf 91' lang='lat' dir='ltr'>odio</span> <span class='ocrx_word' id='word_1_74' title='bbox 1090 993 1129 1032; x_wconf 89' lang='lat' dir='ltr'>in</span> <span class='ocrx_word' id='word_1_75' title='bbox 1162 990 1319 1032; x_wconf 88' lang='lat' dir='ltr'>fratrem</span> <span class='ocrx_word' id='word_1_76' title='bbox 1351 1005 1466 1032; x_wconf 89' lang='lat' dir='ltr'>suum</span> <span class='ocrx_word' id='word_1_77' title='bbox 1500 992 1694 1040; x_wconf 81' lang='lat' dir='ltr'>saeviisse,</span> 
     </span>
     <span class='ocr_line' id='line_1_11' title="bbox 206 1074 1695 1138; baseline -0.005 -15"><span class='ocrx_word' id='word_1_78' title='bbox 206 1097 275 1123; x_wconf 85' lang='lat' dir='ltr'>nec</span> <span class='ocrx_word' id='word_1_79' title='bbox 314 1090 454 1138; x_wconf 85' lang='lat' dir='ltr'>postea</span> <span class='ocrx_word' id='word_1_80' title='bbox 496 1082 535 1121; x_wconf 90' lang='lat' dir='ltr'>in</span> <span class='ocrx_word' id='word_1_81' title='bbox 574 1088 702 1121; x_wconf 88' lang='lat' dir='ltr'>tantas</span> <span class='ocrx_word' id='word_1_82' title='bbox 746 1077 1037 1134; x_wconf 80' lang='lat' dir='ltr'>superstitionis</span> <span class='ocrx_word' id='word_1_83' title='bbox 1071 1074 1382 1116; x_wconf 76' lang='lat' dir='ltr'>abominationes</span> <span class='ocrx_word' id='word_1_84' title='bbox 1414 1074 1567 1131; x_wconf 88' lang='lat' dir='ltr'>lapsum</span> <span class='ocrx_word' id='word_1_85' title='bbox 1600 1089 1695 1116; x_wconf 86' lang='lat' dir='ltr'>esse.</span> 
     </span>
     <span class='ocr_line' id='line_1_12' title="bbox 207 1156 1698 1219; baseline -0.005 -12"><span class='ocrx_word' id='word_1_86' title='bbox 207 1165 286 1208; x_wconf 82' lang='lat' dir='ltr'>Sed</span> <span class='ocrx_word' id='word_1_87' title='bbox 328 1173 373 1206; x_wconf 89' lang='lat' dir='ltr'>ut</span> <span class='ocrx_word' id='word_1_88' title='bbox 405 1162 558 1205; x_wconf 82' lang='lat' dir='ltr'>Sliebae</span> <span class='ocrx_word' id='word_1_89' title='bbox 598 1164 733 1219; x_wconf 80' lang='lat' dir='ltr'>regina</span> <span class='ocrx_word' id='word_1_90' title='bbox 773 1161 821 1202; x_wconf 88' lang='lat' dir='ltr'>ad</span> <span class='ocrx_word' id='word_1_91' title='bbox 855 1160 1108 1203; x_wconf 86' lang='lat' dir='ltr'>Solomonem</span> <span class='ocrx_word' id='word_1_92' title='bbox 1150 1157 1459 1200; x_wconf 89' lang='lat' dir='ltr'>conveniendum</span> <span class='ocrx_word' id='word_1_93' title='bbox 1493 1160 1533 1199; x_wconf 90' lang='lat' dir='ltr'>in</span> <span class='ocrx_word' id='word_1_94' title='bbox 1564 1156 1698 1199; x_wconf 83' lang='lat' dir='ltr'>Palae-</span> 
     </span>
     <span class='ocr_line' id='line_1_13' title="bbox 208 1241 1698 1303; baseline -0.005 -13"><span class='ocrx_word' id='word_1_95' title='bbox 208 1251 349 1291; x_wconf 86' lang='lat' dir='ltr'>stinam</span> <span class='ocrx_word' id='word_1_96' title='bbox 390 1250 462 1290; x_wconf 87' lang='lat' dir='ltr'>iter</span> <span class='ocrx_word' id='word_1_97' title='bbox 495 1247 604 1297; x_wconf 85' lang='lat' dir='ltr'>fecit,</span> <span class='ocrx_word' id='word_1_98' title='bbox 647 1245 782 1303; x_wconf 84' lang='lat' dir='ltr'>eodem</span> <span class='ocrx_word' id='word_1_99' title='bbox 816 1244 894 1287; x_wconf 88' lang='lat' dir='ltr'>fere</span> <span class='ocrx_word' id='word_1_100' title='bbox 926 1253 1102 1300; x_wconf 88' lang='lat' dir='ltr'>tempore</span> <span class='ocrx_word' id='word_1_101' title='bbox 1135 1257 1213 1299; x_wconf 87' lang='lat' dir='ltr'>quo</span> <span class='ocrx_word' id='word_1_102' title='bbox 1247 1242 1342 1284; x_wconf 88' lang='lat' dir='ltr'>haec</span> <span class='ocrx_word' id='word_1_103' title='bbox 1373 1241 1579 1284; x_wconf 87' lang='lat' dir='ltr'>Jasharani</span> <span class='ocrx_word' id='word_1_104' title='bbox 1610 1241 1698 1284; x_wconf 89' lang='lat' dir='ltr'>libri</span> 
     </span>
     <span class='ocr_line' id='line_1_14' title="bbox 207 1325 1699 1390; baseline -0.005 -15"><span class='ocrx_word' id='word_1_105' title='bbox 207 1333 440 1390; x_wconf 79' lang='lat' dir='ltr'>Fragmenta</span> <span class='ocrx_word' id='word_1_106' title='bbox 472 1333 511 1372; x_wconf 90' lang='lat' dir='ltr'>in</span> <span class='ocrx_word' id='word_1_107' title='bbox 544 1346 666 1372; x_wconf 88' lang='lat' dir='ltr'>unum</span> <span class='ocrx_word' id='word_1_108' title='bbox 699 1343 842 1386; x_wconf 88' lang='lat' dir='ltr'>corpus</span> <span class='ocrx_word' id='word_1_109' title='bbox 869 1327 1159 1385; x_wconf 78' lang='lat' dir='ltr'>redigebantur,</span> <span class='ocrx_word' id='word_1_110' title='bbox 1195 1326 1422 1368; x_wconf 84' lang='lat' dir='ltr'>crediderim</span> <span class='ocrx_word' id='word_1_111' title='bbox 1444 1325 1605 1383; x_wconf 83' lang='lat' dir='ltr'>aliquod</span> <span class='ocrx_word' id='word_1_112' title='bbox 1625 1326 1699 1368; x_wconf 88' lang='lat' dir='ltr'>rel-</span> 
     </span>
     <span class='ocr_line' id='line_1_15' title="bbox 209 1410 1698 1474; baseline -0.005 -16"><span class='ocrx_word' id='word_1_113' title='bbox 209 1418 370 1474; x_wconf 81' lang='lat' dir='ltr'>ligiosae</span> <span class='ocrx_word' id='word_1_114' title='bbox 411 1416 647 1472; x_wconf 82' lang='lat' dir='ltr'>cognitionis</span> <span class='ocrx_word' id='word_1_115' title='bbox 689 1422 727 1455; x_wconf 91' lang='lat' dir='ltr'>et</span> <span class='ocrx_word' id='word_1_116' title='bbox 767 1421 980 1454; x_wconf 85' lang='lat' dir='ltr'>ceterarum</span> <span class='ocrx_word' id='word_1_117' title='bbox 1019 1410 1212 1453; x_wconf 84' lang='lat' dir='ltr'>bonarum</span> <span class='ocrx_word' id='word_1_118' title='bbox 1253 1412 1394 1452; x_wconf 90' lang='lat' dir='ltr'>artium</span> <span class='ocrx_word' id='word_1_119' title='bbox 1427 1411 1698 1452; x_wconf 83' lang='lat' dir='ltr'>commercium</span> 
     </span>
    </p>
   </div>
   <div class='ocr_carea' id='block_1_3' title="bbox 209 1497 1057 1557">
    <p class='ocr_par' dir='ltr' id='par_1_3' title="bbox 209 1497 1057 1557">
     <span class='ocr_line' id='line_1_16' title="bbox 209 1497 1057 1557; baseline -0.007 -15"><span class='ocrx_word' id='word_1_120' title='bbox 209 1503 309 1542; x_wconf 85' lang='lat' dir='ltr'>inter</span> <span class='ocrx_word' id='word_1_121' title='bbox 341 1508 527 1557; x_wconf 78' lang='lat' dir='ltr'>cognatas</span> <span class='ocrx_word' id='word_1_122' title='bbox 561 1500 739 1541; x_wconf 85' lang='lat' dir='ltr'>nationes</span> <span class='ocrx_word' id='word_1_123' title='bbox 774 1497 843 1538; x_wconf 89' lang='lat' dir='ltr'>diu</span> <span class='ocrx_word' id='word_1_124' title='bbox 873 1497 1057 1553; x_wconf 84' lang='lat' dir='ltr'>viguisse.</span> 
     </span>
    </p>
   </div>
   <div class='ocr_carea' id='block_1_4' title="bbox 551 1700 1364 1752">
    <p class='ocr_par' dir='ltr' id='par_1_4' title="bbox 551 1700 1364 1752">
     <span class='ocr_line' id='line_1_17' title="bbox 551 1700 1364 1752; baseline -0.006 -3"><span class='ocrx_word' id='word_1_125' title='bbox 551 1705 608 1749; x_wconf 92' lang='lat' dir='ltr'>IN</span> <span class='ocrx_word' id='word_1_126' title='bbox 643 1701 1041 1749; x_wconf 79' lang='lat' dir='ltr'><strong>FRAGMENTUM</strong></span> <span class='ocrx_word' id='word_1_127' title='bbox 1079 1700 1364 1752; x_wconf 82' lang='lat' dir='ltr'>QUARTUM.</span> 
     </span>
    </p>
   </div>
   <div class='ocr_carea' id='block_1_5' title="bbox 212 1830 1706 2895">
    <p class='ocr_par' dir='ltr' id='par_1_5' title="bbox 212 1830 1705 2730">
     <span class='ocr_line' id='line_1_18' title="bbox 329 1830 1701 1887; baseline -0.004 -10"><span class='ocrx_word' id='word_1_128' title='bbox 329 1836 448 1878; x_wconf 89' lang='lat' dir='ltr'>Isaaci</span> <span class='ocrx_word' id='word_1_129' title='bbox 481 1843 518 1876; x_wconf 88' lang='lat' dir='ltr'>et</span> <span class='ocrx_word' id='word_1_130' title='bbox 539 1833 756 1876; x_wconf 83' lang='lat' dir='ltr'>Abrahami</span> <span class='ocrx_word' id='word_1_131' title='bbox 787 1833 993 1873; x_wconf 79' lang='lat' dir='ltr'>historiam</span> <span class='ocrx_word' id='word_1_132' title='bbox 1026 1830 1308 1887; x_wconf 81' lang='lat' dir='ltr'>quadamtenus</span> <span class='ocrx_word' id='word_1_133' title='bbox 1342 1831 1591 1872; x_wconf 77' lang='lat' dir='ltr'>commixtam</span> <span class='ocrx_word' id='word_1_134' title='bbox 1618 1843 1701 1871; x_wconf 88' lang='lat' dir='ltr'>esse</span> 
     </span>
     <span class='ocr_line' id='line_1_19' title="bbox 212 1910 1700 1975; baseline -0.006 -12"><span class='ocrx_word' id='word_1_135' title='bbox 212 1929 409 1963; x_wconf 88' lang='lat' dir='ltr'>noverunt</span> <span class='ocrx_word' id='word_1_136' title='bbox 441 1934 575 1960; x_wconf 88' lang='lat' dir='ltr'>omnes</span> <span class='ocrx_word' id='word_1_137' title='bbox 609 1920 677 1975; x_wconf 89' lang='lat' dir='ltr'>qui</span> <span class='ocrx_word' id='word_1_138' title='bbox 710 1915 879 1958; x_wconf 85' lang='lat' dir='ltr'>Genesin</span> <span class='ocrx_word' id='word_1_139' title='bbox 910 1915 1043 1972; x_wconf 87' lang='lat' dir='ltr'>paullo</span> <span class='ocrx_word' id='word_1_140' title='bbox 1077 1916 1262 1956; x_wconf 87' lang='lat' dir='ltr'>attentius</span> <span class='ocrx_word' id='word_1_141' title='bbox 1295 1914 1467 1955; x_wconf 86' lang='lat' dir='ltr'>lectitant</span> <span class='ocrx_word' id='word_1_142' title='bbox 1499 1910 1569 1966; x_wconf 84' lang='lat' dir='ltr'>(ef.</span> <span class='ocrx_word' id='word_1_143' title='bbox 1605 1912 1700 1955; x_wconf 87' lang='lat' dir='ltr'>Gen.</span> 
     </span>
     <span class='ocr_line' id='line_1_20' title="bbox 212 1997 1703 2056; baseline -0.006 -9"><span class='ocrx_word' id='word_1_144' title='bbox 212 2004 292 2048; x_wconf 92' lang='lat' dir='ltr'>XX</span> <span class='ocrx_word' id='word_1_145' title='bbox 325 2020 355 2046; x_wconf 93' lang='lat' dir='ltr'>c.</span> <span class='ocrx_word' id='word_1_146' title='bbox 382 2003 477 2046; x_wconf 85' lang='lat' dir='ltr'>Gen.</span> <span class='ocrx_word' id='word_1_147' title='bbox 500 1999 685 2055; x_wconf 86' lang='lat' dir='ltr'>XXV1);</span> <span class='ocrx_word' id='word_1_148' title='bbox 718 2010 763 2042; x_wconf 90' lang='lat' dir='ltr'>ut</span> <span class='ocrx_word' id='word_1_149' title='bbox 788 2001 878 2056; x_wconf 86' lang='lat' dir='ltr'>jure</span> <span class='ocrx_word' id='word_1_150' title='bbox 911 1998 1137 2049; x_wconf 83' lang='lat' dir='ltr'>addubites,</span> <span class='ocrx_word' id='word_1_151' title='bbox 1172 2013 1264 2039; x_wconf 93' lang='lat' dir='ltr'>num</span> <span class='ocrx_word' id='word_1_152' title='bbox 1299 1997 1468 2040; x_wconf 87' lang='lat' dir='ltr'>duorum</span> <span class='ocrx_word' id='word_1_153' title='bbox 1500 1998 1703 2039; x_wconf 89' lang='lat' dir='ltr'>hominum</span> 
     </span>
     <span class='ocr_line' id='line_1_21' title="bbox 212 2081 1702 2147; baseline -0.006 -16"><span class='ocrx_word' id='word_1_154' title='bbox 212 2105 273 2132; x_wconf 90' lang='lat' dir='ltr'>res</span> <span class='ocrx_word' id='word_1_155' title='bbox 315 2098 465 2147; x_wconf 84' lang='lat' dir='ltr'>gestas,</span> <span class='ocrx_word' id='word_1_156' title='bbox 512 2102 561 2128; x_wconf 88' lang='lat' dir='ltr'>an</span> <span class='ocrx_word' id='word_1_157' title='bbox 601 2088 735 2143; x_wconf 87' lang='lat' dir='ltr'>potius</span> <span class='ocrx_word' id='word_1_158' title='bbox 775 2083 902 2126; x_wconf 89' lang='lat' dir='ltr'>tribus</span> <span class='ocrx_word' id='word_1_159' title='bbox 943 2084 1065 2133; x_wconf 88' lang='lat' dir='ltr'>illius,</span> <span class='ocrx_word' id='word_1_160' title='bbox 1112 2085 1173 2123; x_wconf 80' lang='lat' dir='ltr'>cui</span> <span class='ocrx_word' id='word_1_161' title='bbox 1211 2091 1417 2139; x_wconf 82' lang='lat' dir='ltr'>praeerant</span> <span class='ocrx_word' id='word_1_162' title='bbox 1454 2081 1702 2124; x_wconf 88' lang='lat' dir='ltr'>Abrahamus</span> 
     </span>
     <span class='ocr_line' id='line_1_22' title="bbox 212 2164 1704 2230; baseline -0.006 -15"><span class='ocrx_word' id='word_1_163' title='bbox 212 2174 394 2230; x_wconf 84' lang='lat' dir='ltr'>filiusque</span> <span class='ocrx_word' id='word_1_164' title='bbox 427 2186 535 2221; x_wconf 77' lang='lat' dir='ltr'>suuS,</span> <span class='ocrx_word' id='word_1_165' title='bbox 570 2170 801 2212; x_wconf 84' lang='lat' dir='ltr'>traditiones</span> <span class='ocrx_word' id='word_1_166' title='bbox 835 2177 922 2209; x_wconf 87' lang='lat' dir='ltr'>ante</span> <span class='ocrx_word' id='word_1_167' title='bbox 957 2167 1092 2209; x_wconf 91' lang='lat' dir='ltr'>oculos</span> <span class='ocrx_word' id='word_1_168' title='bbox 1119 2165 1275 2207; x_wconf 87' lang='lat' dir='ltr'>habeas.</span> <span class='ocrx_word' id='word_1_169' title='bbox 1324 2166 1383 2208; x_wconf 94' lang='lat' dir='ltr'>Ac</span> <span class='ocrx_word' id='word_1_170' title='bbox 1408 2164 1584 2223; x_wconf 78' lang='lat' dir='ltr'>profecto</span> <span class='ocrx_word' id='word_1_171' title='bbox 1607 2165 1704 2207; x_wconf 91' lang='lat' dir='ltr'>nihil</span> 
     </span>
     <span class='ocr_line' id='line_1_23' title="bbox 213 2249 1704 2312; baseline -0.006 -13"><span class='ocrx_word' id='word_1_172' title='bbox 213 2256 348 2306; x_wconf 85' lang='lat' dir='ltr'>refert,</span> <span class='ocrx_word' id='word_1_173' title='bbox 384 2270 462 2312; x_wconf 87' lang='lat' dir='ltr'>quo</span> <span class='ocrx_word' id='word_1_174' title='bbox 497 2257 653 2295; x_wconf 88' lang='lat' dir='ltr'>nomine</span> <span class='ocrx_word' id='word_1_175' title='bbox 674 2252 992 2294; x_wconf 86' lang='lat' dir='ltr'>Jehovicolarum</span> <span class='ocrx_word' id='word_1_176' title='bbox 1024 2250 1251 2291; x_wconf 86' lang='lat' dir='ltr'>Patriarcha</span> <span class='ocrx_word' id='word_1_177' title='bbox 1284 2265 1370 2292; x_wconf 92' lang='lat' dir='ltr'>cum</span> <span class='ocrx_word' id='word_1_178' title='bbox 1401 2249 1704 2291; x_wconf 76' lang='lat' dir='ltr'>philistaeorum</span> 
     </span>
     <span class='ocr_line' id='line_1_24' title="bbox 214 2332 1703 2398; baseline -0.005 -16"><span class='ocrx_word' id='word_1_179' title='bbox 214 2355 303 2398; x_wconf 77' lang='lat' dir='ltr'>rege</span> <span class='ocrx_word' id='word_1_180' title='bbox 333 2336 606 2396; x_wconf 86' lang='lat' dir='ltr'>pacisceretur.</span> <span class='ocrx_word' id='word_1_181' title='bbox 658 2335 737 2378; x_wconf 87' lang='lat' dir='ltr'>Sed</span> <span class='ocrx_word' id='word_1_182' title='bbox 768 2339 808 2376; x_wconf 93' lang='lat' dir='ltr'>in</span> <span class='ocrx_word' id='word_1_183' title='bbox 841 2333 1095 2376; x_wconf 90' lang='lat' dir='ltr'>describendo</span> <span class='ocrx_word' id='word_1_184' title='bbox 1120 2333 1449 2390; x_wconf 86' lang='lat' dir='ltr'>quemadmodum</span> <span class='ocrx_word' id='word_1_185' title='bbox 1480 2335 1546 2389; x_wconf 88' lang='lat' dir='ltr'>pia</span> <span class='ocrx_word' id='word_1_186' title='bbox 1576 2332 1703 2374; x_wconf 89' lang='lat' dir='ltr'>tribus</span> 
     </span>
     <span class='ocr_line' id='line_1_25' title="bbox 214 2416 1703 2476; baseline -0.006 -10"><span class='ocrx_word' id='word_1_187' title='bbox 214 2423 358 2466; x_wconf 87' lang='lat' dir='ltr'>infidos</span> <span class='ocrx_word' id='word_1_188' title='bbox 399 2422 535 2463; x_wconf 75' lang='lat' dir='ltr'>fratres</span> <span class='ocrx_word' id='word_1_189' title='bbox 579 2421 624 2462; x_wconf 89' lang='lat' dir='ltr'>de</span> <span class='ocrx_word' id='word_1_190' title='bbox 664 2429 839 2476; x_wconf 85' lang='lat' dir='ltr'>tempore</span> <span class='ocrx_word' id='word_1_191' title='bbox 879 2420 920 2459; x_wconf 91' lang='lat' dir='ltr'>in</span> <span class='ocrx_word' id='word_1_192' title='bbox 961 2427 1114 2473; x_wconf 89' lang='lat' dir='ltr'>tempus</span> <span class='ocrx_word' id='word_1_193' title='bbox 1156 2416 1359 2472; x_wconf 83' lang='lat' dir='ltr'>abjiceret,</span> <span class='ocrx_word' id='word_1_194' title='bbox 1409 2425 1446 2458; x_wconf 87' lang='lat' dir='ltr'>et</span> <span class='ocrx_word' id='word_1_195' title='bbox 1484 2425 1703 2458; x_wconf 89' lang='lat' dir='ltr'>nascentem</span> 
     </span>
     <span class='ocr_line' id='line_1_26' title="bbox 216 2499 1704 2560; baseline -0.005 -10"><span class='ocrx_word' id='word_1_196' title='bbox 216 2508 413 2550; x_wconf 89' lang='lat' dir='ltr'>ecclesiam</span> <span class='ocrx_word' id='word_1_197' title='bbox 447 2504 680 2547; x_wconf 86' lang='lat' dir='ltr'>arctioribus</span> <span class='ocrx_word' id='word_1_198' title='bbox 711 2517 836 2560; x_wconf 89' lang='lat' dir='ltr'>usque</span> <span class='ocrx_word' id='word_1_199' title='bbox 863 2501 1050 2542; x_wconf 89' lang='lat' dir='ltr'>limitibus</span> <span class='ocrx_word' id='word_1_200' title='bbox 1074 2509 1353 2557; x_wconf 86' lang='lat' dir='ltr'>compesceret,</span> <span class='ocrx_word' id='word_1_201' title='bbox 1388 2499 1557 2541; x_wconf 84' lang='lat' dir='ltr'>vividam</span> <span class='ocrx_word' id='word_1_202' title='bbox 1580 2515 1704 2557; x_wconf 86' lang='lat' dir='ltr'>quan-</span> 
     </span>
     <span class='ocr_line' id='line_1_27' title="bbox 216 2584 1705 2644; baseline -0.005 -11"><span class='ocrx_word' id='word_1_203' title='bbox 216 2592 303 2633; x_wconf 86' lang='lat' dir='ltr'>dam</span> <span class='ocrx_word' id='word_1_204' title='bbox 337 2600 375 2632; x_wconf 87' lang='lat' dir='ltr'>et</span> <span class='ocrx_word' id='word_1_205' title='bbox 406 2591 653 2632; x_wconf 86' lang='lat' dir='ltr'>dramatieam</span> <span class='ocrx_word' id='word_1_206' title='bbox 686 2595 956 2644; x_wconf 76' lang='lat' dir='ltr'>exspectamus</span> <span class='ocrx_word' id='word_1_207' title='bbox 979 2599 1235 2642; x_wconf 86' lang='lat' dir='ltr'>personarum</span> <span class='ocrx_word' id='word_1_208' title='bbox 1259 2584 1573 2635; x_wconf 86' lang='lat' dir='ltr'>delineationem,</span> <span class='ocrx_word' id='word_1_209' title='bbox 1609 2598 1705 2641; x_wconf 84' lang='lat' dir='ltr'>qua-</span> 
     </span>
     <span class='ocr_line' id='line_1_28' title="bbox 216 2670 1225 2730; baseline -0.009 -13"><span class='ocrx_word' id='word_1_210' title='bbox 216 2676 290 2717; x_wconf 92' lang='lat' dir='ltr'>lem</span> <span class='ocrx_word' id='word_1_211' title='bbox 320 2678 359 2716; x_wconf 89' lang='lat' dir='ltr'>in</span> <span class='ocrx_word' id='word_1_212' title='bbox 393 2675 469 2715; x_wconf 91' lang='lat' dir='ltr'>hoc</span> <span class='ocrx_word' id='word_1_213' title='bbox 498 2673 734 2730; x_wconf 79' lang='lat' dir='ltr'>Fragmento</span> <span class='ocrx_word' id='word_1_214' title='bbox 768 2670 932 2712; x_wconf 90' lang='lat' dir='ltr'>libenter</span> <span class='ocrx_word' id='word_1_215' title='bbox 964 2670 1225 2726; x_wconf 79' lang='lat' dir='ltr'>agnoscimus.</span> 
     </span>
    </p>

    <p class='ocr_par' dir='ltr' id='par_1_6' title="bbox 218 2751 1706 2895">
     <span class='ocr_line' id='line_1_29' title="bbox 334 2751 1706 2814; baseline -0.004 -16"><span class='ocrx_word' id='word_1_216' title='bbox 334 2758 526 2814; x_wconf 90' lang='lat' dir='ltr'>Imprimis</span> <span class='ocrx_word' id='word_1_217' title='bbox 567 2771 707 2813; x_wconf 86' lang='lat' dir='ltr'>operae</span> <span class='ocrx_word' id='word_1_218' title='bbox 747 2756 916 2811; x_wconf 84' lang='lat' dir='ltr'>pretium</span> <span class='ocrx_word' id='word_1_219' title='bbox 958 2761 1016 2796; x_wconf 88' lang='lat' dir='ltr'>est</span> <span class='ocrx_word' id='word_1_220' title='bbox 1055 2751 1378 2801; x_wconf 86' lang='lat' dir='ltr'>animadvertere,</span> <span class='ocrx_word' id='word_1_221' title='bbox 1421 2759 1588 2808; x_wconf 86' lang='lat' dir='ltr'>quantae</span> <span class='ocrx_word' id='word_1_222' title='bbox 1627 2752 1706 2792; x_wconf 88' lang='lat' dir='ltr'>sint</span> 
     </span>
     <span class='ocr_line' id='line_1_30' title="bbox 218 2833 1705 2895; baseline -0.006 -12"><span class='ocrx_word' id='word_1_223' title='bbox 218 2842 423 2884; x_wconf 86' lang='lat' dir='ltr'>mulierum</span> <span class='ocrx_word' id='word_1_224' title='bbox 463 2842 501 2880; x_wconf 91' lang='lat' dir='ltr'>in</span> <span class='ocrx_word' id='word_1_225' title='bbox 542 2840 614 2881; x_wconf 86' lang='lat' dir='ltr'>hac</span> <span class='ocrx_word' id='word_1_226' title='bbox 651 2839 947 2895; x_wconf 88' lang='lat' dir='ltr'>prosopopoeia</span> <span class='ocrx_word' id='word_1_227' title='bbox 986 2844 1135 2893; x_wconf 87' lang='lat' dir='ltr'>partes,</span> <span class='ocrx_word' id='word_1_228' title='bbox 1184 2844 1425 2892; x_wconf 87' lang='lat' dir='ltr'>quantopere</span> <span class='ocrx_word' id='word_1_229' title='bbox 1463 2834 1617 2875; x_wconf 89' lang='lat' dir='ltr'>valeant</span> <span class='ocrx_word' id='word_1_230' title='bbox 1655 2833 1705 2874; x_wconf 87' lang='lat' dir='ltr'>ad</span> 
     </span>
    </p>
   </div>
   <div class='ocr_carea' id='block_1_6' title="bbox 217 2916 1705 2982">
    <p class='ocr_par' dir='ltr' id='par_1_7' title="bbox 217 2916 1705 2982">
     <span class='ocr_line' id='line_1_31' title="bbox 217 2916 1705 2982; baseline -0.007 -15"><span class='ocrx_word' id='word_1_231' title='bbox 217 2924 526 2982; x_wconf 85' lang='lat' dir='ltr'>patriarcharum</span> <span class='ocrx_word' id='word_1_232' title='bbox 558 2923 673 2965; x_wconf 87' lang='lat' dir='ltr'>fidem</span> <span class='ocrx_word' id='word_1_233' title='bbox 706 2922 913 2964; x_wconf 87' lang='lat' dir='ltr'>fovendam</span> <span class='ocrx_word' id='word_1_234' title='bbox 944 2935 1116 2963; x_wconf 85' lang='lat' dir='ltr'>uxorum</span> <span class='ocrx_word' id='word_1_235' title='bbox 1150 2921 1321 2962; x_wconf 89' lang='lat' dir='ltr'>semitica</span> <span class='ocrx_word' id='word_1_236' title='bbox 1343 2920 1537 2976; x_wconf 79' lang='lat' dir='ltr'>cognatio,</span> <span class='ocrx_word' id='word_1_237' title='bbox 1573 2925 1611 2959; x_wconf 85' lang='lat' dir='ltr'>et</span> <span class='ocrx_word' id='word_1_238' title='bbox 1630 2916 1705 2958; x_wconf 84' lang='lat' dir='ltr'>rel-</span> 
     </span>
    </p>
   </div>
  </div>
 </body>
</html>
