1867 3301
967 189 1070 236 330

271 331 440 371 nominis
472 329 774 385 adscriptionem
806 344 886 370 non
920 330 1033 369 nimis
1068 329 1281 386 urgendam
1313 345 1408 381 esse,
1443 331 1762 389 quandoquidem

272 414 392 455 multa
425 415 503 454 sint
535 414 704 455 carmina
735 412 820 468 ejus
852 413 1009 454 nominc
1041 413 1227 469 insignita
1265 427 1364 469 quae
1402 423 1530 456 tamen
1561 430 1644 457 non
1674 424 1762 459 ante

272 497 451 538 exsilium
493 495 609 537 scribi
648 479 831 552 possent,
876 495 984 536 deest
1021 495 1085 536 hic
1116 494 1294 536 Davidici
1335 497 1426 553 styli
1467 497 1684 549 character,
1726 508 1765 541 et

271 580 413 630 multa,
446 589 492 621 ut
523 578 763 629 videbimus,
803 581 938 620 insunt
969 577 1230 620 Solomoneac
1262 582 1398 621 aetatis
1430 580 1584 622 indicia.
1645 581 1764 624 Prae-

272 674 387 714 terea,
421 673 466 705 ut
497 672 611 705 antea
642 661 876 719 significavi,
909 670 1018 717 patet
1049 677 1097 703 ex
1130 662 1156 704 2
1180 661 1285 704 Sam.
1308 662 1374 713 VI,
1400 662 1446 714 2,
1488 678 1574 705 cum
1605 664 1761 706 Psalmo

271 748 415 798 XVIII,
444 746 492 789 11
529 754 775 803 comparato,
820 747 977 787 tertium
1019 746 1139 802 hujus
1175 746 1304 788 Partis
1345 748 1537 788 canticum
1577 747 1627 789 ad
1666 747 1789 794 illud,

272 840 426 888 tempus
457 833 662 887 pertinere.

391 914 616 957 Secundum
648 920 920 970 argumentum
953 926 1003 953 ex
1034 926 1079 953 eo
1114 910 1278 962 deduco,
1314 911 1423 968 quod
1454 912 1532 954 hoc
1571 915 1762 955 canticum

273 1001 413 1041 veteris
448 1000 601 1054 epinicii
630 998 805 1053 vestigiis
838 997 994 1036 insistat
1026 1004 1141 1052 atquc
1173 995 1384 1037 inhaereat.
1432 994 1543 1047 Nam,
1576 1005 1623 1038 ut
1654 1006 1765 1039 antea

272 1085 395 1133 innui,
427 1083 560 1139 plures
593 1081 713 1136 hujus
746 1079 957 1120 cantilenae
988 1079 1061 1119 loci
1093 1093 1142 1119 ex
1160 1077 1339 1120 Deborae
1363 1081 1547 1121 ovatione
1569 1079 1763 1137 desumpti

273 1175 366 1208 sunt
405 1163 468 1219 (cf.
497 1180 561 1205 vv.
587 1162 614 1205 8
645 1177 731 1220 sqq.
766 1177 853 1203 cum
884 1161 975 1202 Jud.
1000 1161 1048 1211 V,
1073 1160 1102 1202 4
1133 1176 1244 1218 sqq.;
1284 1178 1347 1203 vv.
1376 1160 1428 1203 13
1460 1178 1516 1220 sq.
1552 1178 1638 1204 cum
1670 1163 1762 1205 Jud.

271 1249 328 1300 V,
357 1247 429 1299 193
469 1264 506 1290 v.
533 1246 585 1290 19
619 1261 705 1288 cum
737 1245 829 1287 Jud.
852 1245 909 1295 V,
939 1244 1011 1296 123
1054 1260 1090 1286 v.
1117 1244 1172 1287 28
1214 1260 1300 1305 cum
1332 1245 1424 1287 Jud.
1447 1245 1503 1295 V,
1533 1245 1605 1297 143
1646 1262 1683 1287 v.
1708 1245 1763 1289 33

273 1348 360 1375 cum
391 1332 483 1374 Jud.
506 1331 555 1381 V,
582 1328 639 1383 3).
699 1329 785 1371 Jam
817 1344 911 1370 vero
945 1330 1038 1376 satis
1071 1337 1179 1385 patet
1209 1328 1407 1370 Psalmum
1443 1328 1662 1380 CXXXVI,
1697 1332 1765 1387 qui

273 1419 312 1458 in
343 1415 573 1456 fundatione
605 1412 765 1455 secundi
797 1412 930 1469 templi
962 1411 1255 1462 decantabatur,
1290 1412 1466 1454 similiter
1490 1427 1572 1454 esse
1594 1427 1643 1454 ex
1665 1415 1765 1454 anti-

274 1498 480 1557 quioribus
513 1499 686 1554 epiniciis
719 1498 994 1553 compositum.
1058 1494 1169 1537 Unde
1202 1495 1418 1546 contendo,
1452 1496 1613 1537 similem
1645 1505 1765 1538 mate-

273 1585 371 1624 riam
410 1584 449 1622 in
480 1583 595 1638 primi
634 1580 767 1636 templi
808 1581 1138 1621 consecrationem
1170 1577 1290 1621 fuisse
1330 1581 1603 1636 conquisitam.
1665 1578 1764 1621 Nam

274 1667 452 1708 homines
484 1679 556 1705 sua
588 1672 727 1705 natura
760 1663 808 1704 ad
841 1664 1022 1719 antiquas
1055 1664 1138 1703 vias
1171 1661 1348 1703 imitandi
1379 1662 1510 1703 studio
1543 1670 1763 1704 recurrunt.

274 1750 325 1791 Et
356 1748 465 1806 quod
496 1749 536 1788 in
576 1746 748 1788 secundo
790 1746 935 1803 templo
978 1744 1192 1787 dedicando
1234 1745 1376 1787 sactum
1416 1754 1492 1795 est,
1534 1753 1763 1802 argumento

276 1848 358 1875 esse
397 1831 532 1881 debet,
583 1830 704 1872 simile
752 1830 849 1888 quid
896 1829 942 1871 de
983 1831 1099 1886 primi
1138 1828 1271 1885 templi
1312 1831 1603 1871 consecratione
1643 1828 1764 1871 tradi-

275 1926 359 1958 tum
390 1930 487 1957 esse.

395 1999 575 2041 Tertium
606 2004 891 2054 argumentum,
923 1995 1041 2052 idque
1072 1995 1367 2045 validissimum,
1402 2010 1451 2037 ex
1471 2010 1589 2037 versu
1611 1993 1668 2037 30
1700 1994 1766 2037 de-

276 2087 385 2126 rivo:
419 2090 609 2138 »propter
640 2080 827 2137 templum
861 2088 971 2121 tuum
1004 2094 1123 2135 super
1153 2079 1468 2135 Hierosolymam
1501 2079 1665 2121 offerent
1694 2078 1766 2120 tibi

276 2183 386 2224 reges
418 2179 612 2207 munera«
658 2163 758 2205 Nam
780 2163 848 2205 ubi
870 2172 1052 2205 notamus
1075 2146 1143 2221 ¹73?
1176 2162 1249 2204 dici
1279 2178 1360 2204 non
1382 2163 1432 2221 Ξ,
1467 2165 1558 2219 quia
1579 2162 1764 2219 templum

277 2254 315 2292 in
355 2251 442 2291 loco
484 2248 609 2297 edito,
652 2248 732 2289 scil.
774 2255 906 2288 monte
942 2246 1071 2287 Moria
1111 2254 1354 2289 exstructum
1395 2226 1496 2295 erat,
1537 2254 1582 2287 ut
1619 2254 1765 2287 taceam

277 2334 428 2376 nullum
467 2332 586 2373 fuisse
629 2331 736 2387 apud
778 2329 1093 2385 Hierosolymam
1133 2313 1259 2397 1ἻὲἾῆ
1302 2331 1383 2371 sive
1422 2329 1635 2385 templum,
1678 2337 1766 2370 ante

278 2419 378 2459 hanc
417 2432 439 2458 a
480 2415 693 2458 Solomone
734 2421 973 2455 exstructam
1013 2412 1165 2462 aedem,
1214 2427 1345 2454 nonne
1384 2413 1446 2453 hic
1483 2413 1593 2454 locus
1634 2420 1766 2477 aperte

279 2509 427 2558 spectat
466 2500 514 2541 ad
554 2499 657 2539 illam
696 2497 845 2539 Hirami
882 2498 984 2553 regis
1023 2495 1343 2545 munificentiam,
1384 2509 1504 2551 quum
1545 2494 1764 2544 Solomoni,

278 2584 375 2626 illud
406 2582 593 2638 templum
625 2581 889 2630 aedificaturo,
923 2580 1120 2621 materiam
1143 2577 1251 2620 dedit
1271 2578 1463 2620 cedrinam
1487 2586 1525 2619 et
1545 2577 1764 2626 abietinam,

279 2676 469 2724 quantum
501 2663 688 2706 volebat?
720 2661 760 2717 (1
784 2664 882 2720 Reg.
907 2662 955 2712 V,
984 2659 1053 2716 10)
1086 2671 1124 2703 et
1154 2670 1353 2718 praeterea
1385 2670 1539 2703 centum
1571 2670 1608 2703 et
1629 2661 1765 2717 viginti

281 2752 364 2792 auri
396 2750 541 2791 talenta
573 2746 767 2789 donavit?
799 2744 839 2800 (1
865 2746 961 2803 Reg.
986 2745 1052 2796 IX,
1080 2742 1163 2798 14).

400 2832 591 2886 Quartum
636 2831 730 2872 mihi
770 2837 1041 2887 argumentum
1090 2827 1251 2885 praebet
1290 2841 1426 2869 versus
1460 2825 1536 2868 32:
1584 2827 1767 2868 »venient

280 2923 479 2973 magnates
511 2930 559 2957 ex
582 2913 790 2972 Aegypt03
823 2911 1053 2970 properabit
1081 2911 1295 2968 Aethiopia
1323 2910 1462 2967 palmis
1488 2910 1639 2967 supinis
1670 2907 1767 2950 ado-
