1867 3301
82 401 296 429 Dennxxxn.

234 444 295 479 [³0]

229 842 290 877 [31]

229 1009 290 1044 [32]

228 1342 290 1377 [33]

228 1509 290 1544 [34]

227 1678 288 1713 [35]

227 2012 288 2047 [36]

230 2346 291 2380 [37]

226 2512 288 2548 [38]

226 2929 288 2964 [39]

784 188 880 259 289

327 330 429 373 Tum
464 344 561 387 quae
594 331 689 386 ipsis
723 337 910 370 eventura
941 331 1019 371 sint
1049 328 1316 386 providerent.

327 414 403 470 Qui
435 413 591 456 tandem
622 413 705 454 fieri
737 421 874 470 posset
900 422 945 454 ut
973 428 1075 454 unus
1108 412 1234 454 hostis
1266 413 1443 468 ipsorum
1475 411 1575 453 inille

863 504 1174 553 persequeretur,

326 579 378 623 Ut
409 581 487 622 duo
522 581 652 623 decem
685 580 804 622 millia
838 582 1015 636 ipsorum
1048 579 1240 636 fugarent,

323 664 407 706 Nisi
441 663 550 721 quod
582 667 760 720 ipsorum
790 664 925 720 Rupes
958 663 1143 705 venderet
1175 678 1255 713 eos,

324 748 374 789 Et
404 747 591 804 proderet
622 763 689 789 eos
722 747 903 789 Jehova?

323 831 458 888 Rupes
492 833 592 873 enim
624 832 799 873 hostium
831 846 912 872 non
944 840 1003 872 est
1035 833 1136 872 sicut
1167 839 1302 871 nostra
1334 830 1490 886 Rupes3

323 915 366 956 Id
398 916 543 957 seilicet
574 917 648 971 ipsi
680 915 815 956 hostes
849 914 1154 956 confitebuntur.

323 997 421 1041 Nam
455 998 501 1040 de
535 998 681 1040 vitibus
715 997 968 1040 Sodomiticis
1003 1007 1060 1040 est
1091 1000 1181 1040 vitis
1215 1012 1363 1048 eorum,

324 1082 374 1123 Et
405 1082 451 1123 de
484 1084 587 1123 arvis
621 1081 896 1124 Gomorranis:

324 1164 429 1207 Uvae
462 1181 597 1207 eorum
630 1174 724 1207 sunt
754 1181 853 1207 uvae
886 1174 1108 1216 venenatae,

323 1248 374 1290 Et
405 1251 545 1291 racemi
578 1249 874 1291 amaritudinem
902 1251 1074 1305 pariunt.

322 1332 444 1374 Virus
477 1335 715 1390 serpentium
749 1342 808 1374 est
840 1330 973 1374 vinum
1008 1348 1162 1382 eorum,

322 1416 373 1457 Et
404 1424 521 1458 atrox
553 1417 734 1473 aspidum
767 1432 972 1458 venenum.

322 1499 462 1542 Nonne
494 1501 571 1542 hoc
601 1500 847 1542 reconditum
879 1509 938 1542 est
969 1499 1076 1557 apud
1107 1514 1186 1550 me,

324 1583 585 1641 Obsignatum
618 1586 658 1626 in
690 1584 884 1626 thesauris
915 1583 1040 1625 meis?

320 1667 410 1709 Mea
442 1676 501 1710 est
531 1669 644 1719 ultio,
679 1677 717 1709 et
748 1683 820 1725 ego
852 1667 1081 1725 rependam,

322 1751 411 1806 Quo
443 1760 620 1809 tempore
651 1767 721 1809 pes
754 1767 890 1794 eorum
921 1751 1130 1794 vacillabit.

320 1834 503 1877 Profecto
538 1838 831 1893 appropinquat
863 1836 943 1877 dies
975 1837 1155 1877 interitus
1188 1850 1344 1886 eorum,

319 1918 524 1960 Festinant
556 1934 599 1961 ea
632 1934 730 1976 quae
761 1921 964 1960 imminent
995 1919 1135 1960 mala«

322 2002 507 2045 Attamen
537 2003 691 2045 Jehova
721 2003 862 2059 populi
894 2005 956 2044 sui
988 2018 1143 2044 eausam
1176 2011 1284 2060 aget,

320 2085 371 2127 Et
402 2101 606 2128 servorum
638 2101 803 2128 suorum
833 2087 1092 2136 miserebitur,

323 2168 423 2223 Quia
455 2169 604 2211 videbit
635 2172 735 2212 vires
769 2185 905 2212 eorum
937 2172 1160 2220 evanuisse,

320 2252 371 2294 Et
402 2253 498 2294 nihil
529 2268 655 2310 neque
683 2262 863 2311 opertum
894 2268 1021 2311 neque
1053 2263 1231 2311 apertum
1263 2254 1438 2297 relictum
1472 2269 1567 2297 esse.

326 2336 439 2377 Tunc
472 2336 591 2379 dicet:
626 2336 819 2379 »Ubinam
852 2347 946 2379 sunt
976 2337 1029 2379 dii
1061 2353 1216 2389 eorum,

320 2419 470 2476 Rupes,
504 2421 553 2462 ad
585 2435 700 2478 quam
733 2421 1026 2479 confugerunt?

322 2502 488 2546 Ubinam
520 2513 614 2546 sunt
644 2505 718 2555 illi,
753 2506 820 2561 qui
852 2504 1005 2561 adipem
1038 2505 1315 2547 sacrificiorum
1346 2520 1481 2546 eorum
1504 2520 1569 2547 eo-

859 2588 1082 2639 mederunt,

320 2668 372 2711 Et
400 2670 586 2713 biberunt
618 2674 752 2714 vinum
782 2670 976 2713 libaminis
1009 2671 1175 2713 eorum?

323 2752 498 2810 Surgant
528 2764 566 2797 et
598 2756 842 2812 opitulentur
873 2754 999 2805 vobis,

321 2835 373 2876 Et
403 2838 482 2878 sint
512 2838 626 2880 vobis
658 2839 869 2896 praesidio.

320 2918 440 2976 Ergo,
474 2921 602 2964 videte
634 2923 744 2980 quod
774 2923 873 2980 Ego,
907 2922 992 2980 Ego
1027 2925 1185 2980 inquam
1217 2937 1303 2965 sum
1334 2924 1416 2974 Ille,
