1867 3301
689 296 710 299 ,,
741 228 971 299 3-4-3-

83 383 202 425 quum
244 368 435 410 israelitae
477 369 607 409 statim
649 367 801 409 liberati
846 383 866 408 a
907 370 1095 410 servitute
1135 367 1428 425 Aegyptiorum
1474 378 1578 410 trans

82 454 259 493 intimum
292 453 408 493 maris
436 451 596 492 Arabici
628 466 823 493 recessum
855 450 1122 507 trajiciebant,
1158 451 1292 492 hostes
1327 460 1476 501 autem,
1513 455 1579 508 qui

82 534 222 576 infesto
257 537 387 576 animo
421 534 771 591 persequebantur,
806 533 939 576 subito
975 536 1090 575 maris
1120 534 1276 575 refluxu
1301 534 1434 576 obruti
1457 545 1578 577 erant.

83 617 264 659 Secunda
296 619 460 659 victoria
500 618 687 658 miraculo
729 626 842 673 parta
875 633 918 659 ea
951 627 1052 668 erat,
1095 633 1217 674 quum
1249 618 1373 659 Josua
1406 621 1580 675 quinque

83 701 380 743 confoederatos
413 700 682 742 Amoritarum
723 716 833 758 reges
874 703 1092 757 improviso
1132 701 1295 743 adortus
1329 711 1388 743 est
1419 711 1457 743 et
1488 718 1581 758 pro-

81 785 251 842 fligavit,
286 787 325 825 in
357 784 550 841 fugientes
584 792 712 825 autem
745 784 897 825 Jehova
932 793 1078 826 tantam
1111 785 1341 841 grandinem
1376 785 1436 826 vel
1468 792 1580 826 a'ero-

81 868 269 909 lithorum
309 867 472 909 imbrem
513 867 670 928 dejecit,
713 875 758 908 ut
796 868 930 924 plures
971 868 1047 909 hoe
1087 868 1205 909 modo
1241 883 1355 924 quam
1389 869 1580 910 Israelita-

80 966 167 992 rum
206 951 338 1008 gladio
379 953 563 1007 perirent.
622 951 757 992 Tertia
786 951 850 992 illa
882 953 1047 992 victoria
1077 960 1114 992 et
1141 954 1289 1008 primae
1319 961 1357 992 et
1387 952 1580 993 secundae

82 1043 164 1076 erat
201 1049 390 1091 perquam
431 1034 579 1075 similis.
642 1033 741 1075 Nam
783 1034 998 1076 exundatio
1036 1035 1243 1076 fluminum
1276 1034 1408 1077 Sisrae
1441 1051 1579 1077 currus

83 1117 228 1168 obruit,
258 1127 295 1160 et
317 1118 452 1159 eodem
475 1126 652 1173 tempore
674 1125 885 1174 tempestas
909 1118 955 1159 de
978 1118 1085 1160 coelo
1110 1127 1247 1160 eontra
1268 1119 1403 1160 hostes
1426 1134 1580 1176 pugna-

80 1201 168 1252 bat,
203 1203 256 1243 ita
288 1210 333 1243 ut
352 1202 561 1258 Baraquus
595 1200 695 1241 facili
717 1203 882 1242 victoria
914 1204 1122 1257 potiretur.
1171 1203 1213 1243 In
1246 1203 1307 1243 his
1341 1203 1472 1244 divina
1506 1218 1580 1259 ope

80 1287 203 1341 partis
236 1287 410 1327 victoriis
444 1283 676 1326 versabatur
716 1299 846 1326 rerum
877 1285 1174 1326 Israeliticarum
1215 1286 1346 1327 cardo.
1410 1285 1509 1327 Nam
1547 1290 1579 1327 si

81 1368 235 1409 Pharao
270 1383 338 1410 eos
371 1377 574 1410 assecutus
608 1376 727 1417 esset,
762 1370 794 1409 si
823 1383 934 1425 reges
956 1368 1159 1410 Amoritae
1182 1370 1512 1425 triumphassent,
1548 1372 1580 1410 si

81 1451 288 1509 Baraquus
329 1451 494 1494 ferreum
528 1451 658 1493 Jabini
689 1452 831 1508 jugum
866 1460 1048 1494 excutere
1080 1468 1159 1494 non
1192 1455 1409 1509 potuisset,
1451 1461 1579 1494 aetum

84 1534 221 1577 fuisset
253 1535 298 1578 de
331 1535 455 1577 salute
489 1544 526 1576 et
548 1537 754 1576 securitate
776 1535 916 1592 populi
940 1536 1061 1577 electi.
1109 1536 1242 1593 Atque
1264 1539 1336 1578 ista
1359 1538 1435 1578 tria
1457 1536 1580 1578 divini

84 1618 229 1660 favoris
268 1619 502 1660 documenta
540 1618 676 1659 eodem
709 1618 863 1659 saeculo
897 1619 1103 1669 accidisse,
1143 1619 1423 1661 demonstrabo
1457 1635 1579 1677 quum

83 1702 131 1742 ad
161 1701 307 1744 Josuae
339 1705 544 1745 victoriam
585 1717 798 1744 accessero.
862 1702 947 1744 Jam
980 1718 1074 1744 vero
1115 1703 1160 1745 de
1192 1706 1319 1760 prima
1350 1704 1579 1746 liberatione

80 1800 206 1842 pauca
237 1795 331 1828 sunt
363 1802 462 1844 quae
496 1787 599 1829 dicta
631 1787 758 1828 velim.

200 1868 276 1911 Ubi
317 1878 355 1911 et
394 1885 472 1927 qua
511 1873 664 1912 ratione
706 1870 890 1911 Israelitis
924 1871 987 1910 via
1026 1885 1097 1926 per
1137 1885 1241 1911 mare
1280 1870 1474 1926 patefacta
1514 1873 1577 1921 sit,

84 1954 229 2009 optime
261 1961 300 1993 et
331 1953 476 1994 affatim
510 1954 736 2010 explanavit
765 1953 1088 1994 Rosenmiillerus
1123 1949 1189 2006 (ad
1221 1953 1352 1994 Exod.
1375 1954 1482 2005 XIV,
1508 1954 1575 2004 21,

84 2033 170 2089 22).
217 2035 472 2078 Demonstrat
503 2038 603 2078 enim
639 2038 877 2093 trajectionis
911 2036 1041 2077 locum
1075 2051 1158 2077 esse
1185 2039 1444 2078 arctissimum
1468 2040 1578 2079 sinus

83 2117 290 2161 Suesensis
322 2134 537 2171 recessum,
580 2119 648 2161 ubi
681 2119 861 2161 Diodoro
895 2128 1054 2161 auctore
1088 2117 1170 2173 (III,
1205 2136 1243 2177 p.
1272 2119 1371 2174 172)
1409 2120 1577 2162 latitudo

82 2204 198 2244 maris
239 2211 298 2244 est
334 2205 486 2245 circiter
518 2203 740 2259 quindecim
773 2203 1004 2245 stadiorum.
1067 2203 1217 2244 Deinde
1250 2213 1409 2246 ventum
1442 2208 1576 2272 Dffssffi,

83 2287 150 2342 qui
190 2300 260 2342 per
299 2295 422 2328 totam
462 2295 615 2328 noctem
656 2287 811 2328 flavisse
853 2287 1014 2337 dieitur,
1055 2302 1136 2328 non
1169 2301 1253 2328 esse
1283 2286 1470 2342 Eurum,
1511 2290 1579 2344 qui

81 2369 224 2411 fluctus
264 2372 302 2410 in
342 2370 452 2412 littus
492 2370 721 2412 Africanum
762 2370 914 2412 facilius
955 2372 1153 2426 potuisset
1192 2371 1408 2427 impellere,
1461 2386 1578 2428 quam

83 2467 204 2509 aquas
237 2453 428 2503 dividere,
463 2454 532 2495 sed
554 2463 713 2496 ventum
745 2455 977 2508 violentum,
1013 2456 1099 2510 qui,
1133 2462 1179 2494 ut
1209 2453 1320 2495 locus
1343 2456 1426 2510 ipse
1450 2454 1576 2504 docet,

83 2550 104 2576 a
135 2537 430 2592 septentrionali
461 2539 621 2594 regione
655 2538 855 2579 deseendit
887 2537 993 2591 (vide
1016 2536 1115 2577 infra
1138 2536 1187 2577 ad
1208 2536 1300 2578 Jud.
1323 2536 1373 2587 V,
1399 2536 1575 2591 9-11).

82 2618 133 2659 Et
165 2633 285 2675 quum
308 2621 516 2662 verisimile
548 2636 628 2662 non
661 2623 712 2663 sit
744 2622 829 2662 solo
855 2629 970 2662 vento
1005 2635 1108 2661 mare
1141 2622 1194 2660 ita
1225 2620 1356 2676 repelli
1384 2623 1574 2677 potuisse,

83 2709 128 2742 ut
166 2701 358 2743 vadosum
398 2703 524 2753 fieret,
568 2707 684 2745 maris
724 2704 940 2753 refluxum,
983 2703 1047 2744 illo
1089 2705 1176 2760 ipso
1216 2711 1391 2760 tempore
1431 2713 1574 2753 ortum,

83 2785 247 2826 multum
281 2786 513 2837 contulisse,
556 2796 602 2828 ut
632 2787 672 2828 id
705 2786 933 2837 efficeretur,
970 2786 1079 2843 quod
1112 2787 1220 2828 solus
1253 2796 1393 2829 ventus
1427 2788 1576 2830 efficere

82 2882 162 2909 non
194 2870 338 2925 potuit.
387 2868 592 2911 Praeterea
624 2870 673 2911 ad
704 2870 900 2911 refluxum
933 2869 1112 2911 accedere
1143 2872 1342 2926 potuisse,
1377 2870 1486 2927 quod
1509 2886 1577 2926 per

84 2951 319 3008 singularem
350 2951 422 2993 Dei
452 2952 761 3008 providentiam,
797 2952 902 2996 Coro
936 2953 1002 2995 illo
1028 2953 1253 2995 vehemente
1286 2962 1440 3003 exorto,
1474 2954 1577 2994 redi-

1221 3033 1289 3069 16*
