1867 3301
858 171 916 217 71

144 310 190 352 ab
213 311 410 367 Apostolo
446 326 513 352 nee
547 311 758 367 neglectam
791 311 910 350 fuisse
945 325 1012 351 nee
1044 307 1284 368 ignoratam:
1319 313 1356 351 in
1388 320 1524 353 nostro
1550 313 1634 354 loco

142 397 261 452 igitur
301 389 650 447 ἄπεκδυσάμενος
690 394 791 434 valet
833 408 981 434 exuens
1014 393 1071 434 vel
1112 394 1162 435 de
1192 409 1233 436 se
1265 401 1462 452 tanquam
1491 402 1638 437 vestem

143 478 357 534 deponens,
413 474 564 532 Ἀρχαὶ
604 479 724 534 igitur
764 486 802 518 et
841 475 1048 527 ἐξουσίαι,
1089 479 1284 534 principes
1326 478 1377 518 illi
1416 477 1633 520 mundanae

142 563 333 617 nequitiae
367 571 405 602 et
437 559 683 601 tenebrarum
717 559 835 617 (Eph.
854 560 890 601 V
893 560 927 609 l,
956 558 1046 613 12),
1092 560 1208 602 duces
1241 560 1448 602 libidinum
1481 561 1633 603 illarum

141 659 238 701 quae
279 647 317 685 in
356 646 504 686 nostris
543 642 724 686 membris
757 644 926 685 militant
959 641 1054 696 (Jac.
1078 644 1144 693 IV,
1173 642 1234 697 1),
1279 644 1438 686 Christo
1473 659 1632 702 quoque

141 737 324 784 tanquam
356 736 546 769 venenata
578 726 691 769 Nessi
724 729 842 783 vestis
884 727 1158 768 adhaeserunt.
1225 727 1304 768 Sed
1341 736 1480 770 cuncta
1511 731 1634 786 impe-

139 811 308 852 dimenta
347 813 457 852 exuit
495 810 672 852 sublimis
721 810 782 851 ille
833 813 1135 852 incontinentiae
1177 811 1369 852 humanae
1410 826 1522 853 cruce
1562 827 1633 854 sua

139 897 282 946 victor;
316 897 513 952 appetitus
547 893 741 935 inferioris
769 903 930 935 naturae
954 893 1182 944 debellavit,
1218 894 1393 951 subegit,
1427 896 1630 952 triumpho

138 978 270 1029 duxit3
305 988 342 1020 et
373 993 525 1020 earnem
557 978 659 1019 illam
692 977 932 1020 mortiferam
964 987 1002 1020 et
1034 978 1234 1020 mortalem
1268 993 1367 1035 rogo
1395 978 1555 1020 funereo
1582 980 1632 1021 ad

137 1064 282 1104 cineres
314 1077 439 1118 usque
473 1061 718 1111 comburens,
753 1061 841 1102 inde
874 1076 999 1119 purus
1032 1064 1173 1103 iterum
1206 1077 1249 1103 ae
1281 1061 1476 1119 perfectus
1508 1064 1628 1105 homo

136 1145 184 1186 ad
223 1146 425 1187 coelestem
468 1155 505 1186 et
536 1147 809 1202 sempiternam
849 1146 1014 1202 gloriam
1048 1154 1205 1187 evectus
1239 1155 1308 1187 est.
1374 1145 1451 1188 Sed
1487 1146 1631 1189 dixerit

134 1228 299 1270 fortasse
332 1231 546 1285 quispifnn,
583 1227 687 1282 »Qui
720 1228 801 1269 fieri
825 1231 976 1284 potuit,
1015 1238 1058 1270 nt
1078 1229 1192 1270 Jesus
1218 1229 1453 1286 peccabilem
1475 1245 1628 1272 carnem

134 1312 322 1354 exueret?
352 1310 491 1353 Nonne
522 1315 651 1366 χωρὶς
683 1308 893 1367 ἁμαρτίας
925 1312 1036 1353 erat?
1068 1312 1171 1353 Num
1205 1312 1325 1354 falsus
1359 1322 1418 1355 est
1448 1316 1520 1355 iste
1544 1313 1628 1357 An-

132 1397 303 1453 glieanae
347 1406 433 1438 tuae
466 1395 658 1437 Ecclesiae
692 1395 899 1444 articulus,
943 1399 1010 1452 qui
1044 1396 1213 1437 declarat
1245 1394 1349 1448 (Art.
1367 1395 1462 1451 XV)
1490 1395 1628 1440 ‘Chri-

132 1489 216 1522 stus
255 1483 293 1522 in
334 1489 491 1521 nostrae
531 1488 693 1521 naturae
733 1480 896 1521 veritate
945 1494 1014 1536 per
1058 1482 1187 1521 onmia
1227 1480 1362 1522 similis
1404 1480 1528 1521 sactus
1569 1491 1627 1523 est

130 1563 265 1614 nohis,
308 1572 472 1621 excepto
516 1572 695 1621 peccam,
739 1578 759 1604 a
793 1578 872 1620 quo
912 1578 1078 1620 prorsus
1112 1572 1194 1605 erat
1225 1566 1428 1614 immunis,
1470 1574 1554 1606 tum
1585 1568 1623 1606 in

132 1662 242 1690 earne
282 1656 365 1689 tum
405 1650 443 1688 in
484 1643 717 1704 spiritu.'«?
758 1647 845 1688 Tali
888 1648 1192 1703 interpellationi
1232 1648 1327 1705 quid
1365 1649 1625 1705 respondeam

130 1746 210 1773 non
242 1731 316 1774 alte
348 1731 561 1788 petendum
593 1740 662 1773 est.
712 1730 796 1772 Nisi
829 1746 1029 1788 negamus,
1065 1731 1175 1789 quod
1199 1732 1485 1775 haereticorum
1508 1743 1622 1782 esset,

129 1815 261 1856 Jesum
305 1814 505 1858 Christum
548 1818 601 1856 ita
640 1823 818 1856 naturam
862 1816 1071 1856 humanam
1111 1818 1373 1872 assumpsisse
1412 1826 1483 1858 »ut
1524 1816 1624 1860 duae

129 1907 309 1950 naturae,
354 1899 486 1941 divina
518 1907 556 1940 et
587 1899 777 1948 humana,
824 1901 973 1957 integre
1005 1914 1047 1940 ae
1079 1898 1249 1956 perfecte
1282 1902 1321 1941 in
1352 1902 1502 1941 unitate
1532 1915 1623 1957 per-

128 1997 245 2025 sonae
278 1982 424 2026 fuerint
443 1982 754 2039 inseparabiliter
779 1984 1029 2039 conjunctae,
1065 1997 1114 2024 ex
1137 1982 1281 2039 quibus
1306 1986 1358 2024 sit
1380 1998 1482 2025 unus
1507 1982 1622 2026 Chri-

128 2074 224 2116 stus,
259 2081 374 2108 verus
405 2066 511 2108 Deus
544 2075 582 2107 et
615 2081 730 2108 verus
763 2067 910 2108 homo«
945 2063 1088 2119 (Artic.
1108 2066 1226 2123 Angl.
1250 2064 1327 2120 IL),
1362 2068 1620 2111 concedamus

126 2164 280 2192 necesse
313 2159 371 2192 est
403 2149 567 2191 eundem
600 2149 753 2200 Jesum,
791 2164 870 2207 quo
905 2150 1122 2200 hominem,
1156 2150 1330 2192 molestis
1365 2151 1438 2192 illis
1471 2154 1621 2209 cogita-

129 2233 301 2276 tionibus
343 2233 562 2275 obnoxium
603 2232 741 2284 fuisse,
785 2248 885 2290 quae
924 2233 1110 2290 peccandi
1150 2233 1349 2276 illecebras
1382 2237 1617 2279 ministrant.

126 2317 167 2359 ld
199 2317 308 2374 quod
349 2317 543 2359 declarant
584 2319 818 2375 tentationes
859 2332 957 2374 quas
998 2317 1131 2359 subiit.
1198 2316 1327 2372 Quum
1369 2328 1499 2362 tamen
1529 2335 1619 2377 per-

125 2400 246 2442 fectus
280 2410 382 2443 esset
412 2402 537 2451 Deus,
573 2401 654 2443 fieri
687 2416 768 2443 non
800 2403 933 2458 potuit
965 2403 1061 2458 quin
1094 2388 1247 2443 omnem
1279 2403 1466 2458 peccandi
1496 2412 1618 2445 mate-

122 2487 219 2527 riam
251 2484 325 2526 sibi
358 2484 578 2541 subjiceret.
642 2486 762 2544 Ergo,
802 2495 848 2528 ut
877 2486 1098 2542 loquuntur
1129 2485 1373 2537 scholastici,
1406 2489 1615 2543 potentia—

123 2569 213 2610 liter
236 2569 470 2625 peccabilis)
506 2570 719 2612 actualiter
750 2569 1025 2626 impeccabilis
1048 2577 1143 2610 erat.
1194 2569 1386 2611 »Verbum
1413 2569 1613 2624 (Myos-h,

125 2660 167 2693 ut
199 2654 253 2693 ait
273 2652 444 2694 Joannes
469 2649 520 2705 (Ι,
548 2650 638 2707 14),
674 2668 796 2696 »caro
830 2652 974 2695 factum
1008 2661 1084 2703 est,
1120 2661 1158 2693 et
1182 2652 1477 2707 tabernaculum
1498 2670 1613 2699 suum

123 2737 221 2777 inter
260 2736 436 2778 homines
468 2737 660 2779 tetendit«
703 2733 774 2790 (ef.
805 2735 825 2779 1
853 2737 954 2778 Tim.
986 2737 1053 2786 ill,
1085 2734 1157 2779 16:
1198 2737 1244 2786 ὃς
1274 2736 1536 2795 ἐφανερώθη
1569 2739 1615 2782 ἓν

122 2816 290 2872 σαρκί),
324 2818 393 2860 sed
423 2834 574 2876 semper
606 2835 650 2862 ea
681 2820 867 2863 utebatur
899 2820 1155 2871 abstinentia,
1189 2830 1235 2863 ut
1267 2837 1431 2866 carnem
1449 2825 1614 2880 spiritui

121 2901 329 2958 subjiceret
362 2900 540 2955 (Collect.
575 2905 730 2947 Domin.
762 2906 789 2946 Ι.
822 2902 1095 2962 quadrages).
1153 2906 1193 2947 In
1227 2921 1292 2957 eo,
1330 2916 1373 2949 ut
1404 2909 1442 2948 iu
1475 2909 1611 2950 ceteris
