1867 3301
960 182 1104 251 314ν

267 328 390 382 eapite
424 333 559 374 sexto,
602 332 948 373 commemoratur,
989 338 1111 380 quum
1145 322 1314 364 Davides
1347 322 1627 364 formidolosos
1660 325 1758 365 istos

266 410 501 452 Philistaeos
548 409 637 465 plus
677 409 760 448 vice
799 407 963 463 simplici
1003 405 1213 462 dejecerat,
1263 421 1384 463 quum
1424 421 1551 447 aream
1589 405 1757 448 foederis

268 492 454 534 Tsionem
506 491 742 533 transferens
789 490 980 532 Jehovam
1030 488 1225 532 Cherubis
1277 490 1509 531 insidentem
1560 492 1760 532 invocavit

267 574 310 630 (2
334 576 438 618 Sam.
457 575 524 625 VI,
549 575 588 616 2.
623 574 669 615 cf.
693 574 757 616 Ps.
782 574 920 623 XVIII,
953 571 1035 626 11),
1070 588 1192 630 quum
1223 582 1352 615 tamen
1385 576 1478 615 satis
1511 588 1644 615 recens
1678 582 1760 616 erat

268 660 376 701 Sauli
409 668 447 701 et
478 659 681 700 seditionis
714 660 827 699 istius
859 659 1058 699 memoria.
1099 656 1164 699 Ad
1196 656 1296 698 idem
1327 673 1412 699 cum
1434 658 1655 699 Philistaeis
1677 657 1760 700 bel-

266 746 364 793 lum,
409 743 518 800 quod
560 745 683 800 ,capite
725 744 863 799 quinto
907 722 1158 790 describitur,
1200 740 1326 782 refero
1359 756 1513 798 pugnas
1555 742 1639 783 illas
1673 757 1758 783 011111

267 827 402 869 eodem
434 828 569 877 hoste,
604 842 702 883 quae
735 827 858 883 capite
892 827 1171 867 unetvicesimo
1205 833 1426 874 narrantur,
1462 834 1499 866 et
1530 826 1758 868 crediderim

268 912 560 968 compilatorem
599 919 779 952 nostrum
818 918 941 951 totam
979 909 1082 950 illam
1114 910 1327 965 pericopen
1358 923 1380 949 a
1413 923 1443 949 0.
1473 908 1589 959 XXI,
1626 907 1677 951 15
1710 909 1760 951 ad

266 996 381 1037 finem
405 1010 436 1037 0.
450 995 563 1037 XXII
585 995 709 1035 alieno
732 995 819 1035 loco
844 994 1067 1042 inseruisse,
1101 1001 1311 1049 propterea
1334 991 1443 1049 quod
1462 992 1642 1034 ultimum
1663 993 1760 1035 illud

266 1080 429 1122 Davidis
464 1081 656 1120 canticum
690 1075 737 1130 (c.
761 1074 906 1130 XXIII)
940 1076 1076 1117 eodem
1110 1075 1187 1117 sere
1220 1076 1306 1117 loco
1337 1075 1574 1117 tessellatum
1596 1078 1758 1118 invenit.

265 1164 386 1221 Ergo,
421 1172 466 1204 111
486 1162 666 1203 Psalmus
689 1160 773 1202 LX.
808 1160 857 1201 ad
887 1159 1167 1209 Moabitarum,
1200 1160 1486 1210 Idunmeorum,
1520 1160 1759 1217 aliarumque

266 1250 441 1305 gentium
474 1245 770 1288 debellationem
802 1252 952 1301 spectat
984 1241 1027 1298 (2
1051 1243 1156 1285 Sam.
1174 1242 1292 1297 VIII),
1326 1246 1381 1285 ita
1412 1243 1475 1284 hic
1499 1244 1678 1285 Psalmus
1711 1244 1761 1285 ad

266 1332 527 1389 periculosius
568 1329 666 1372 illud
704 1344 792 1370 011111
822 1328 1045 1369 Philistaeis
1086 1335 1279 1369 certamen
1316 1324 1372 1381 (0.
1395 1325 1457 1381 V)
1488 1330 1669 1385 proxime
1699 1342 1761 1370 re-

267 1417 394 1472 spicit.

384 1498 617 1546 Varietates,
651 1511 751 1553 quae
783 1498 884 1537 inter
909 1504 1121 1552 utrumque
1154 1496 1272 1552 hujus
1306 1497 1443 1537 cantici
1475 1494 1673 1552 exemplar
1694 1494 1761 1536 de-

266 1582 577 1641 prehenduntur,
612 1596 763 1622 summa
797 1580 997 1637 diligentia
1029 1578 1211 1620 exhibuit
1241 1560 1598 1621 Rosenmuellerus.
1651 1577 1760 1632 Quae

268 1682 389 1724 quum
422 1666 483 1707 vel
514 1667 555 1706 in
586 1663 750 1705 vocibus
784 1662 1141 1720 aequipollentibus
1165 1664 1225 1704 vel
1257 1665 1295 1704 in
1327 1664 1464 1705 litteris
1497 1664 1624 1720 figura
1655 1665 1761 1704 simi-

268 1750 369 1802 libus
409 1752 510 1791 inter
541 1764 580 1790 se
620 1749 851 1805 permutatis
884 1747 946 1788 vel
985 1749 1024 1787 in
1057 1746 1266 1788 earundem
1299 1762 1440 1788 vocum
1480 1746 1615 1788 formis
1648 1746 1761 1788 dum-

266 1843 378 1877 taxat
410 1833 573 1874 diversis
598 1832 658 1873 vel
691 1831 859 1888 denique
891 1833 930 1871 in
962 1845 1041 1871 uno
1066 1830 1237 1872 alterove
1262 1830 1454 1872 vocabulo
1478 1839 1546 1873 aut
1566 1831 1759 1872 versiculo

268 1921 349 1960 sive
382 1917 515 1959 addito
549 1918 630 1957 sive
664 1918 823 1965 omisso,
858 1917 935 1956 sint
966 1916 1132 1970 positae,
1171 1914 1280 1955 haud
1312 1914 1418 1956 facile
1451 1916 1523 1956 erit
1552 1913 1643 1956 inde
1675 1916 1761 1971 opi-

267 2004 424 2044 nionem
455 2001 605 2041 firmam
639 1999 685 2040 de
718 1999 1042 2056 apographorum
1075 2000 1225 2054 origine
1259 2000 1507 2040 constituere.
1563 1997 1608 2039 Id
1638 2012 1760 2038 unum

270 2086 545 2128 observatione
599 2083 761 2140 dignum
808 2091 884 2132 est,
944 2081 1054 2138 quod
1098 2081 1278 2123 Psalmus
1323 2081 1469 2131 XVIII,
1530 2081 1760 2138 plerumque

267 2171 502 2227 pleniorem,
552 2175 610 2208 est
656 2166 724 2208 ubi
764 2165 1047 2207 redundantem
1092 2162 1180 2218 (vv.
1217 2164 1288 2215 13,
1325 2162 1401 2218 14)
1452 2173 1603 2206 textum
1649 2163 1760 2205 exhi-

267 2253 345 2294 bet.
389 2252 453 2293 ‘Et
484 2265 606 2307 quum
639 2253 776 2291 iterata
816 2251 1034 2306 cujuspiam
1073 2250 1298 2305 scriptionis
1339 2250 1520 2305 repetitio
1559 2247 1608 2289 ad
1647 2261 1760 2304 prae-

269 2335 470 2378 cidendam
516 2336 650 2391 potius
692 2348 807 2390 quam
855 2332 905 2373 ad
944 2331 1253 2389 amplificandam
1297 2334 1513 2373 orationem
1552 2330 1757 2380 conducat,

269 2419 477 2462 concludas
515 2418 731 2475 pleniorem
763 2417 866 2458 illam
898 2418 1137 2466 versionem,
1180 2431 1279 2472 quac
1312 2418 1412 2457 inter
1442 2415 1621 2456 Psalmos
1652 2417 1760 2455 inve-

268 2506 394 2553 nitur,
436 2517 517 2544 11011
548 2504 665 2543 toties
697 2502 971 2557 transcriptam
1004 2498 1124 2541 fuisse
1155 2507 1200 2540 ut
1231 2498 1380 2540 scribae
1412 2498 1610 2540 fastidium
1643 2506 1759 2554 atque

268 2588 548 2643 impatientiam
586 2585 734 2626 laboris
774 2592 939 2640 pareret.
995 2582 1081 2624 «Iam
1114 2597 1228 2631 vero,
1269 2596 1318 2623 ex
1358 2584 1413 2622 rei
1454 2583 1578 2638 ipsius
1618 2589 1760 2622 natura

268 2671 391 2727 liquet
428 2669 549 2711 libros
584 2668 775 2710 Samuelis
814 2683 895 2708 non
934 2668 1157 2723 pervenisse
1199 2665 1247 2706 ad
1286 2680 1359 2706 nos
1398 2665 1531 2722 quales
1563 2666 1756 2721 principio

270 2752 434 2795 confecti
474 2761 601 2802 erant,
643 2751 712 2793 sed
743 2750 907 2793 scribam
938 2749 1246 2792 Masorethieum
1278 2751 1434 2806 saepius
1467 2751 1644 2790 iteratam
1675 2747 1757 2788 edi-

268 2840 414 2878 tionem
446 2838 560 2877 novis
593 2835 760 2877 fortasse
792 2834 977 2875 subsidiis
1010 2841 1161 2875 auctam
1194 2832 1333 2874 incude
1363 2831 1626 2889 refingendam
1651 2845 1756 2872 sum-

269 2922 407 2977 psisse.
465 2919 509 2962 Si
548 2921 667 2977 igitur
698 2918 818 2961 editio
850 2920 1032 2976 princeps
1072 2918 1185 2959 istius
1223 2915 1313 2958 libri
1342 2915 1542 2958 Psalmum
1577 2922 1757 2957 nostrum
