1867 3301
955 214 1052 260 112

314 350 412 405 Quia
445 351 566 392 fecisti
599 352 699 392 hanc
730 367 809 393 rem
845 349 958 405 (Gen.
982 352 1112 402 XXII,
1141 350 1210 405 16)
1244 361 1281 393 et
1311 355 1355 394 in
1385 368 1449 394 me
1481 354 1698 408 credidisti,

310 433 406 475 Ecce
439 437 616 491 reputavi
647 435 688 476 id
719 434 790 476 tibi
824 435 873 476 ad
893 437 1099 489 justitiam
1131 433 1244 488 (Gen.
1269 437 1358 487 XV,
1385 434 1449 489 7);

308 516 359 558 Et
391 521 574 574 magister
606 521 679 559 eris
714 518 843 560 fratris
877 521 932 559 tui
968 516 1080 572 (Gen.
1108 520 1277 570 XXVII,
1303 518 1398 573 29);

311 600 359 640 Et
392 600 465 641 sub
498 610 535 642 te
569 604 641 643 erit
673 605 869 659 appetitus
904 603 986 658 ejus
1021 612 1059 644 et
1088 612 1133 644 tu
1162 586 1203 644 in
1235 619 1321 645 eum
1357 602 1658 645 dominaberis.«

371 683 501 725 Texta
536 687 587 726 ita
621 688 859 736 constituto,
905 689 1031 727 omnia
1062 701 1145 728 uno
1177 696 1313 729 tenore
1346 696 1384 728 et
1416 688 1618 729 harmonia
1651 701 1743 728 con-

251 769 403 817 cinunt;
438 768 655 810 soloecismi
689 778 946 820 evanescuntg
981 773 1161 827 cognatio
1184 770 1321 818 Habeli
1354 780 1391 812 et
1412 771 1627 812 Abrahami
1650 785 1742 812 con-

249 850 444 901 firmatum
478 854 570 893 novi
595 852 834 895 Testamenti
868 854 1171 910 significationes
1198 854 1243 896 de
1262 855 1417 909 justitia
1444 869 1487 895 ac
1508 854 1582 895 fide
1603 853 1738 895 Habeli

249 948 357 975 suam
399 938 667 977 auctoritatem
708 946 959 993 recuperant3
1001 946 1039 979 et
1077 940 1260 978 universa
1300 946 1435 979 nostra
1473 940 1661 979 sententia
1693 937 1739 978 de

250 1017 335 1058 libri
369 1019 573 1060 Jasharani
607 1022 759 1062 ratione
791 1020 992 1062 clariorem
1025 1021 1148 1062 lucem
1180 1029 1395 1062 mutuatur.

366 1101 498 1143 Redeo
533 1111 659 1144 autem
695 1102 743 1144 ad
775 1103 1009 1145 nationalem
1039 1104 1159 1160 hujus
1181 1106 1414 1145 narrationis
1438 1107 1736 1161 expositionem,

249 1200 325 1242 qua
364 1185 531 1227 refertur
572 1187 619 1227 ad
661 1189 901 1229 atrocitatem
942 1188 1208 1229 Kinnaeorum
1250 1196 1287 1229 et
1325 1197 1521 1230 cruentam
1560 1191 1737 1245 priorum

247 1268 603 1311 Abrahamidarum
635 1273 897 1312 vexationem.
949 1271 1008 1313 Ac
1038 1274 1208 1328 primum
1242 1270 1386 1313 dixerit
1417 1272 1569 1328 aliquis,
1605 1271 1738 1326 Quid?

248 1353 422 1394 nullasne
464 1356 503 1394 in
544 1354 707 1396 historia
754 1364 886 1411 partes
926 1357 1157 1396 sustinuerit
1196 1357 1256 1396 vir
1296 1355 1453 1412 quidam
1495 1357 1554 1396 cui
1595 1370 1736 1397 nomen

247 1435 384 1478 Habel
419 1436 563 1478 fuerit?
611 1437 751 1479 Nonne
783 1438 896 1479 Jesus
938 1441 1021 1495 ipse
1061 1441 1114 1480 ita
1154 1438 1308 1480 locutus
1350 1447 1428 1488 est,
1470 1447 1516 1480 ut
1545 1438 1734 1480 Habelum

247 1527 431 1576 tanquam
472 1520 669 1562 hominem
711 1521 908 1578 quondam
949 1524 1083 1563 vivum
1124 1521 1373 1579 designaret?
1410 1547 1455 1553 —-
1504 1530 1575 1563 »ut
1606 1525 1737 1563 veniat

248 1619 366 1659 super
397 1619 518 1653 vos«,
562 1606 690 1661 inquit
723 1602 880 1657 (Matth.
906 1605 1055 1655 XXIII,
1081 1602 1172 1659 35),
1215 1607 1367 1647 »omnis
1399 1608 1558 1662 sanguis
1585 1607 1732 1661 justus,

247 1688 313 1743 qui
346 1687 492 1728 effusus
525 1696 583 1729 est
615 1702 733 1744 super
762 1697 926 1739 terram,
961 1703 981 1729 a
1014 1690 1202 1745 sanguine
1235 1688 1371 1729 Habeli
1398 1689 1496 1744 justi
1529 1703 1653 1746 usque
1686 1689 1734 1730 ad

247 1773 474 1827 sanguinem
501 1771 731 1821 Zachariae,
766 1771 833 1813 filii
864 1772 1096 1822 Barachiae,
1132 1786 1245 1829 quem
1279 1771 1475 1813 occidistis
1507 1774 1607 1813 inter
1638 1781 1734 1813 tem-

245 1854 352 1910 plum
403 1864 440 1895 et
488 1855 647 1896 altare«
711 1854 1007 1906 Difficultatem,
1058 1870 1155 1912 quae
1203 1870 1252 1896 ex
1292 1858 1486 1896 mentione
1525 1855 1732 1897 Zachariae

247 1939 391 1987 oritur,
435 1953 514 1979 non
547 1953 683 1995 urgeo.
749 1938 904 1980 Scilicet
934 1954 1014 1980 non
1046 1938 1121 1979 suit
1150 1938 1244 1980 Jesu
1278 1937 1425 1980 Christi
1459 1937 1647 1989 officium,
1688 1947 1733 1980 ut

246 2036 379 2063 omnes
418 2022 657 2063 Judaeorum
705 2022 935 2064 traditiones
984 2023 1031 2063 ad
1078 2037 1253 2063 normam
1294 2024 1441 2064 critices
1481 2024 1729 2064 examinaret.

243 2104 416 2146 Primum
452 2114 567 2162 atque
599 2106 780 2148 ultimum
814 2106 1152 2148 commemorando
1188 2108 1316 2147 omnia
1348 2106 1523 2162 exempla
1553 2108 1730 2162 priorum

244 2188 446 2229 hominum
490 2188 536 2229 ab
578 2191 706 2246 impiis
749 2192 967 2231 occisorum
1008 2189 1334 2246 comprehendere
1365 2189 1504 2230 voluit.
1566 2189 1617 2230 Et
1650 2204 1729 2230 non

245 2271 382 2312 dubito
417 2272 560 2313 multos
594 2272 713 2313 fuisse
746 2275 785 2313 in
818 2273 961 2314 familia
981 2271 1216 2323 Abrahami,
1250 2281 1366 2329 atque
1398 2275 1437 2313 in
1470 2274 1565 2328 ipsis
1590 2272 1728 2314 electae

242 2357 368 2412 gentis
402 2353 604 2395 cunabulis
635 2357 724 2411 pios
756 2364 794 2397 et
819 2356 951 2410 justos
983 2355 1166 2405 Habelos‚
1202 2370 1303 2412 quos
1336 2355 1482 2397 feroces
1515 2357 1578 2397 isti
1609 2355 1728 2397 Ama-

243 2438 409 2494 lequitae
444 2438 501 2479 vel
534 2440 633 2479 inter
665 2438 957 2479 sacrificandum
990 2438 1295 2480 trucidaverunt.

360 2522 415 2562 At
454 2522 516 2562 hic
555 2521 720 2563 sortasse
760 2522 935 2563 nonnulli
981 2521 1164 2577 objicient
1201 2547 1246 2552 —
1292 2521 1424 2575 Quid?
1471 2520 1725 2563 confundisne

240 2604 439 2646 Kinnaeos
472 2619 557 2646 cum
580 2605 868 2662 Amalequitis?
898 2605 1007 2655 Esto,
1040 2613 1086 2645 ut
1117 2620 1213 2661 vaga
1246 2606 1310 2646 illa
1342 2620 1385 2646 ac
1416 2605 1528 2646 ferox
1550 2604 1724 2646 Arabum

242 2687 383 2728 familia
418 2703 503 2729 cum
527 2689 709 2730 Israelitis
741 2697 949 2745 perpetuas
982 2690 1200 2729 inimicitias
1234 2697 1475 2739 exercerent3
1510 2697 1548 2730 at
1579 2691 1617 2729 in
1650 2689 1725 2729 hoc

243 2770 334 2812 odio
368 2773 617 2827 excipiuntur
638 2774 865 2814 nominatim
887 2772 1069 2821 Kinnaei,
1105 2787 1121 2805 >³
1133 2774 1315 2827 quoniam
1339 2787 1379 2813 se
1399 2772 1591 2828 benignos
1612 2786 1724 2828 prae-

240 2853 419 2895 buissent
449 2855 650 2904 Israelitis,
695 2870 814 2911 quum
855 2870 903 2897 ex
934 2854 1119 2911 Aegypto
1162 2864 1290 2895 essent
1329 2857 1499 2911 egressi«
1540 2851 1586 2906 (1
1617 2854 1720 2895 Sam.

240 2936 329 2987 XV,
355 2934 411 2990 6).
459 2936 500 2978 Si
535 2953 667 2979 verum
701 2938 951 2988 admittimus,
987 2953 1142 2993 sparsae
1175 2938 1260 2980 illae
1285 2938 1331 2979 de
1353 2938 1538 2979 Kinnaeis
1561 2939 1721 2979 notitiae
