1867 3301
939 181 1039 228 246

244 324 362 365 breve
385 322 583 379 quoddam
607 322 835 363 Archilochi
857 319 1063 362 ἐπινίκιον
1084 323 1123 362 in
1144 321 1349 362 Herculem
1373 321 1588 372 decantare,
1621 323 1734 378 cujus

249 406 327 447 ‹filuo
362 414 574 461 supersunt
607 404 759 445 iambici
792 419 948 445 versus:

529 490 561 534 ὦ
594 491 809 533 καλλίνικε
841 488 961 547 χαῖρ’
979 492 1091 543 ἄναξ
1111 490 1340 548 εΗράκλεες

529 562 656 612 αὗτός
688 579 731 604 τε
762 567 833 604 καὶ
857 560 1021 612 Ἰόλαος
1053 561 1240 619 αἷχμήτα
1273 563 1363 612 δύο,

245 665 279 695 et
315 663 371 695 ter
404 652 728 709 interponebatur
749 653 1004 709 eph-ymnium
1029 649 1212 708 τήνελλα
1233 651 1459 703 καλλίνικε,
1494 654 1605 710 cujus
1627 656 1736 710 prio-

245 753 324 778 rem
364 751 498 777 vocem
542 738 892 777 instrumentorum
942 725 1062 777 sonos
1112 738 1324 778 imitantem
1367 737 1477 777 chori
1515 736 1735 793 praefectus

244 819 451 869 recitabat,
487 819 711 861 succinebat
743 828 871 860 autem
899 820 1043 861 chorus
1069 822 1151 876 ipse
1175 820 1487 862 acclamationem
1510 819 1736 862 καλλίνικε.

248 905 344 945 lIinc
374 903 535 945 Pindari
568 902 631 943 illa
665 899 840 959 (Olymp.
865 903 938 952 IX,
964 899 1088 954 init.):

391 996 438 1039 τὸ
471 1000 549 1052 μὲν
575 995 829 1050 ’Λρχιλόχου
859 996 987 1050 μέλος

393 1069 570 1123 φωνᾶεν
595 1065 825 1121 Ὀλυμπίᾳ,
859 1067 1099 1116 καλλίνικος
1130 1066 1152 1108 ὃ
1185 1065 1383 1122 τρίπλοος
1413 1065 1648 1118 κεχλαδώς,

395 1137 548 1195 ἄρκεσε
581 1155 616 1180 κ.
634 1154 668 1179 τ.
687 1137 723 1180 λ.

243 1238 386 1278 Postea
419 1251 511 1277 vero
545 1243 663 1291 poeta
695 1234 835 1290 aliquis
869 1234 1086 1290 longiorem
1119 1242 1236 1290 atque
1269 1234 1523 1276 excultiorem
1546 1235 1736 1291 hymnum

245 1321 488 1376 composuit,
531 1320 596 1374 qui
638 1320 677 1358 in
722 1319 946 1358 memoriam
982 1319 1166 1358 victoriae
1205 1317 1251 1358 de
1295 1326 1466 1373 tempore
1507 1320 1547 1360 in
1583 1327 1736 1375 tempus

244 1411 485 1459 repeteretur
507 1397 545 1454 ¹).
609 1401 711 1442 idem
760 1402 798 1441 in
846 1409 984 1441 nostro
1030 1402 1179 1441 cantico
1220 1400 1405 1441 accidisse
1445 1400 1626 1443 credibile
1664 1410 1734 1444 est.

246 1486 417 1535 Scilicet,
453 1500 573 1542 quum
608 1485 760 1525 devicto
790 1483 899 1525 Sisra
932 1484 1123 1524 Israelitae
1155 1484 1309 1540 plenam
1340 1486 1556 1540 promissae
1588 1485 1736 1526 telluris

244 1570 535 1625 possessionem
576 1567 650 1608 sibi
686 1566 919 1608 videbantur
952 1566 1170 1607 obtinuisse
1208 1575 1245 1608 et
1276 1569 1431 1623 quoties
1464 1582 1600 1608 secura
1630 1575 1737 1609 tran-

246 1652 436 1709 quillitate
468 1650 711 1699 fruebantur,
747 1650 951 1691 verisimile
984 1659 1043 1690 est
1075 1664 1141 1690 eos
1176 1658 1310 1691 coetus
1343 1650 1534 1691 solemnes
1556 1650 1738 1708 frequen-

247 1744 368 1784 tasse,
403 1734 471 1775 uhi
502 1735 728 1775 memoriam
759 1748 889 1774 rerum
922 1730 1263 1789 antea'gestarum
1287 1732 1549 1783 renovabant,
1584 1742 1622 1775 et
1644 1749 1738 1774 ova-

248 1821 384 1868 tiones,
407 1832 693 1874 nonnunquam
717 1819 830 1857 etiam
855 1817 1161 1865 lamentationes,
1186 1816 1471 1858 instaurabant.
1510 1816 1554 1858 Id
1574 1816 1736 1858 Davidis

245 1917 366 1958 regno
400 1904 607 1958 praecipue
639 1903 678 1942 in
701 1915 777 1941 usu
799 1900 919 1941 fuisse
943 1899 1133 1941 concludo
1157 1914 1207 1940 ex
1227 1900 1314 1941 loco
1338 1915 1453 1956 quem
1473 1915 1586 1942 nemo
1610 1900 1738 1942 adhuc

246 1987 525 2041 interpretatus
559 1992 628 2025 est.
678 1983 825 2040 Nempe
858 1985 897 2024 in
923 1982 1093 2024 secunda
1117 1984 1180 2024 illa
1202 1982 1291 2024 libri
1312 1983 1518 2024 Jasharani
1540 1985 1735 2033 citatione,

246 2069 272 2110 2
296 2067 401 2109 Sam.
425 2068 458 2116 I,
483 2066 555 2117 18,
589 2068 752 2124 legimus
776 2066 965 2108 Davidem
991 2068 1160 2122 jussisse
1193 2075 1237 2108 ut
1257 2066 1396 2108 Judaei
1428 2068 1605 2107 naeniam
1626 2081 1737 2107 suam

247 2151 293 2191 ‹le
326 2150 447 2192 Saulo
489 2159 526 2191 et
556 2150 778 2191 Jonathane
819 2149 1033 2192 ediscerent
1063 2147 1197 2218 ΠιζὶἙ.
1261 2150 1370 2191 Hanc
1403 2164 1535 2191 vocem
1568 2149 1737 2190 Dathius

249 2241 418 2275 metrwn
440 2235 556 2274 vertit
582 2236 605 2274 i.
630 2249 661 2275 e.
687 2247 840 2274 carmen
862 2235 1018 2274 metrice
1041 2235 1316 2289 compositum.
1364 2233 1588 2282 Lowthius‚
1622 2247 1737 2289 quem

248 2319 426 2373 sequitur
459 2316 661 2365 Cesenius,
698 2330 876 2357 »carmen
909 2316 955 2355 de
988 2331 1113 2357 arceo«
1146 2316 1337 2372 intelligit.
1400 2316 1576 2357 Thenius
1607 2316 1737 2372 legen-

248 2401 339 2440 ‹lum
364 2408 493 2441 censet
513 2404 632 2467 ΞῈῙ)
654 2400 712 2440 vel
736 2401 894 2466 ΠΞΨΙὫ
916 2397 1200 2447 adverbialiter,
1233 2407 1277 2439 ut
1298 2399 1489 2455 significet
1510 2398 1734 2454 diliyenter,

248 2484 391 2524 scilicet
440 2485 619 2539 oportuit
657 2482 828 2523 Jiidaeos
877 2495 1028 2522 summa
1075 2495 1167 2521 cura
1213 2480 1388 2521 adhibita
1434 2480 1540 2522 istud
1585 2495 1737 2522 carmen

249 2567 430 2607 ediscere.
495 2565 574 2607 Sed
614 2566 750 2622 quidni
791 2563 1051 2606 derivabimus
1091 2566 1212 2632 ΠΨῙΞ
1253 2566 1306 2604 ita
1337 2565 1525 2620 scriptum
1557 2580 1577 2605 a
1609 2564 1736 2606 radice

248 2647 377 2716 wigf'ffi
406 2649 582 2704 colleqit,
617 2649 894 2704 eonyrefsavit,
928 2656 973 2688 ut
996 2647 1204 2703 significet:
1238 2647 1474 2688 catervatim
1497 2647 1659 2696 scilicet,
1693 2649 1737 2688 m

250 2734 424 2774 coetibus
455 2733 537 2772 sais
571 2739 606 2773 ec
638 2732 1016 2787 conyreyacionibus
1046 2730 1150 2770 illud
1171 2744 1335 2771 carmen
1357 2730 1538 2771 ediscant
1556 2728 1736 2772 Judaei?

352 2843 374 2886 ¹)
406 2816 569 2876 rinaldus
597 2847 689 2887 putat
715 2841 784 2884 (die
810 2841 1003 2887 poetisclien
1022 2839 1153 2874 Biiclier
1180 2839 1237 2874 (les
1265 2839 1352 2874 alten
1380 2840 1516 2875 Bundes
1543 2839 1575 2882 Ι,
1602 2851 1632 2885 p.
1653 2837 1735 2882 105)

250 2908 312 2941 hoc
340 2908 502 2941 canticum
531 2906 617 2940 l'esto
649 2905 798 2940 Paschali
827 2905 983 2940 Sliilunte
1010 2905 1220 2939 decantatum
1248 2916 1332 2940 esse.
