1867 3301
753 201 893 274 ..231

101 347 266 393 tionem,
301 359 350 386 ex
383 358 461 400 quo
494 351 670 399 tempore
691 340 795 382 Juda
827 349 865 382 et
884 340 1070 396 Ephraim
1096 348 1289 397 perpetuo
1312 341 1478 381 invicem
1501 339 1593 381 odio

102 427 350 469 vexabantur
382 424 476 480 (Jes.
499 425 574 474 IX,
600 424 668 474 21,
703 424 778 473 XI,
802 421 886 476 13).
932 424 1110 480 Denique
1133 423 1179 464 de
1202 422 1460 465 debellatione
1481 422 1596 464 Moa-

101 510 271 552 bitarum
312 519 350 552 et
385 510 679 558 Idumaeorum,
722 523 838 564 quam
880 506 1052 548 Davides
1094 507 1248 548 demum
1291 506 1414 548 effecit
1453 504 1594 560 (Num.

102 593 248 643 XXIV,
277 592 342 642 17,
370 592 435 634 18.
479 592 503 633 2
529 591 633 634 Sam.
652 591 758 640 VIII,
784 590 822 640 2,
853 587 941 643 14),
982 592 1035 631 113
1072 592 1175 631 031111
1206 599 1324 646 poeta
1355 598 1510 639 noster,
1553 598 1598 631 ut

103 679 170 733 qui
203 691 281 718 rem
313 677 540 718 recentioris
573 676 792 731 argumenti
823 682 1020 715 tractaret.
1069 672 1148 714 Nec
1169 674 1506 730 Amalequitarum
1529 688 1598 714 ex-

103 760 245 802 cidium
279 768 316 800 et
336 760 564 801 Kenitarum
599 750 863 814 captivitatem
894 760 948 798 ita
982 765 1321 798 commemoratam
1355 757 1594 806 crediderim,

102 845 177 884 nisi
217 845 250 884 si
290 844 377 899 quis
412 841 523 884 Sauli
563 843 790 883 memoriam
829 840 938 881 haud
976 842 1133 896 penitus
1175 839 1392 881 obsoletam
1432 840 1595 882 foveret.

101 926 197 967 Rem
239 928 360 982 igitur
396 925 573 982 undique
616 924 891 980 contemplanti
932 924 1039 965 nulla
1078 932 1202 965 restat
1241 923 1458 974 dubitatio,
1503 926 1598 980 quin

103 1009 179 1050 1100
209 1011 436 1050 vaticinium
469 1008 683 1051 Solomone
715 1016 901 1064 regnante
935 1007 1144 1049 confictum
1176 1007 1296 1049 fuisse
1327 1023 1486 1063 ponam.

223 1089 263 1145 b)
302 1092 464 1133 Bileami
496 1094 688 1133 canticum
722 1091 811 1133 data
845 1106 964 1148 opera
997 1094 1260 1148 compositum
1293 1106 1398 1141 esse,
1437 1100 1480 1132 ut
1512 1105 1599 1132 cor-

103 1178 191 1234 pori
222 1176 440 1218 Jasharano
474 1178 730 1224 insereretur,
772 1175 874 1216 illico
908 1174 1097 1217 concedas
1130 1189 1285 1216 necesse
1318 1183 1395 1224 est,
1437 1176 1600 1216 simulac

104 1262 340 1301 concesseris
373 1259 470 1300 illud
502 1275 547 1300 eo
580 1261 667 1315 ipso
703 1267 877 1316 tempore
910 1260 1099 1314 scriptum
1131 1258 1272 1308 fuisse,
1308 1273 1388 1315 quo
1422 1259 1597 1301 collectio

104 1343 200 1385 haec
229 1345 399 1399 primum
434 1343 628 1399 divulgari
661 1345 802 1398 coepit.
865 1342 963 1384 Nam
996 1342 1131 1383 ambae
1163 1344 1366 1391 notiones,
1401 1357 1520 1398 quae,
1554 1351 1601 1383 ut

106 1442 227 1484 supra
247 1427 429 1476 vidimus,
465 1428 504 1467 111
533 1428 690 1467 1101111110
711 1426 972 1467 Israelitarum
995 1427 1202 1482 implicitae
1226 1410 1487 1474 continentur,
1520 1434 1600 1466 ’13111

105 1510 393 1553 benedictionis
424 1504 591 1578 (ἾΨΝ)
626 1524 743 1566 quam
766 1510 988 1565 probitatis
1017 1504 1162 1576 (ἾΨἾΤ),
1196 1511 1250 1550 113
1271 1511 1310 1550 111
1333 1509 1410 1550 1100
1432 1511 1600 1551 carmine

106 1594 362 1650 explicantur,
399 1602 442 1634 ut
463 1594 667 1634 consilium
691 1595 863 1634 auctoris
887 1595 1016 1649 quivis
1039 1595 1258 1650 agnoverit.
1299 1592 1352 1634 Ut
1383 1607 1404 1633 a
1423 1592 1599 1634 Bileamo

106 1680 192 1734 ipso
225 1679 428 1733 incipiam,
463 1680 550 1734 quis
582 1677 770 1718 maledico
794 1685 911 1733 atque
932 1679 1088 1718 inimico
1111 1678 1424 1733 praestigiatori,
1458 1677 1601 1719 eidem-

107 1775 181 1817 que
213 1762 440 1818 peregrino,
478 1761 594 1802 talem
625 1769 852 1817 tantamque
884 1759 1195 1802 benedictionem
1229 1759 1492 1810 attribuisset,
1525 1763 1601 1802 nisi

105 1852 152 1885 ut
180 1843 332 1885 beatam
366 1853 405 1885 ct
436 1844 624 1885 divinitus
655 1846 844 1885 munitam
865 1844 1126 1885 Israelitarum
1151 1852 1295 1886 sortem
1319 1846 1431 1900 quasi
1453 1845 1601 1900 majore

107 1926 275 1984 quadam
298 1929 337 1967 vi
369 1926 632 1984 significaret?
663 1927 722 1968 Ac
755 1942 880 1968 nexus
911 1930 1210 1977 sententiarum,
1246 1929 1459 1984 quinetiam
1481 1927 1602 1969 verba

107 2013 191 2067 ipsa
225 2012 428 2066 scriptoris
461 2018 627 2051 mentem
658 2025 738 2051 non
772 2011 878 2051 aliud
910 2010 1031 2052 fuisse
1056 2010 1282 2052 ostendunt.
1333 2010 1600 2064 »Quomodo«

108 2096 236 2151 inquit
276 2093 569 2150 »imprecabor,
614 2094 756 2149 quibus
790 2094 898 2135 Deus
939 2109 1018 2136 non
1053 2097 1103 2136 sit
1136 2094 1430 2151 imprecatus‘P«
1470 2095 1600 2137 »Bene

108 2179 258 2235 precari
291 2179 430 2233 jussus
469 2192 577 2227 sum,
627 2179 718 2233 quia
758 2177 865 2218 Deus
907 2178 1057 2219 nullum
1098 2181 1220 2220 cernit
1259 2181 1360 2220 inter
1400 2178 1600 2220 Jacobitas

108 2270 328 2318 peccatum,
369 2261 513 2302 nullam
546 2263 645 2302 inter
676 2261 867 2302 Israelitas
902 2262 1097 2318 culpam«
1160 2262 1260 2304 Aliis
1294 2262 1443 2313 verbis,
1484 2263 1603 2305 Israel

109 2343 226 2408 ἾΨΝ
258 2347 282 2386 i.
314 2362 344 2388 0.
369 2344 614 2402 felicitatem
646 2354 879 2386 consecutus
914 2354 989 2396 est,
1033 2346 1354 2403 quandoquidem
1386 2344 1488 2413 ’ἾΨἾΤ
1515 2349 1539 2387 1.
1572 2362 1604 2387 0.

102 2430 352 2485 probitatem
391 2431 633 2486 exsequitur.
696 2429 751 2471 At
782 2444 876 2470 vero
919 2432 951 2471 si
990 2430 1087 2470 nihil
1129 2430 1235 2471 aliud
1277 2438 1378 2471 esset
1418 2429 1468 2470 ad
1507 2430 1609 2470 hanc

110 2527 189 2554 rem
222 2514 419 2570 pertinens
451 2515 527 2554 nisi
559 2521 697 2554 votum
730 2513 827 2554 illud
858 2510 1020 2566 (XXIII,
1050 2510 1141 2566 lO):
1176 2515 1353 2554 »utinam
1386 2515 1532 2554 moriar
1562 2522 1609 2554 ut

105 2596 231 2652 probi
263 2593 462 2664 (ΕἻἽΨἿ)
496 2596 597 2638 illil«
631 2596 684 2637 ibi
717 2596 896 2653 equidem
930 2612 1010 2638 non
1042 2599 1262 2653 potuissem
1292 2612 1374 2637 non
1396 2611 1607 2653 agnoscere

111 2678 319 2720 Jasharani
350 2680 440 2721 libri
473 2682 654 2736 spiritum
687 2695 730 2721 30
761 2682 972 2721 materiem.
1026 2680 1171 2721 Fateor
1203 2681 1302 2720 enim
1336 2695 1467 2721 veram
1501 2683 1607 2722 vocis

113 2760 216 2829 ἾΨᾊ
250 2763 572 2818 significationem
612 2772 650 2805 et
689 2772 868 2806 naturam
903 2763 992 2805 libri
1025 2765 1091 2819 qui
1125 2763 1199 2804 sub
1232 2764 1305 2804 hac
1338 2764 1609 2822 designatione

115 2844 471 2896 circumferebatur,
508 2847 603 2888 mihi
633 2849 756 2904 magis
790 2862 839 2888 cx
870 2847 946 2888 1100
979 2847 1064 2887 1000
1099 2847 1269 2888 eluxisse
1302 2862 1418 2904 quam
1451 2862 1501 2888 ex
1533 2848 1608 2888 alio

117 2931 259 2985 quovis
307 2929 376 2971 ubi
418 2945 499 2972 vox
547 2930 610 2972 illa
659 2933 840 2973 occurrit.
903 2930 1246 2981 Rosenmiillerus,
1296 2933 1357 2973 cui
1398 2931 1495 2972 nihil
1538 2931 1611 2973 tale

1255 3011 1325 3046 14*
