1867 3301
774 281 789 283 st
819 212 883 258 99

106 361 238 394 natum
280 367 362 394 esse
396 351 542 405 (schol.
574 351 707 407 Apoll.
738 351 871 392 Rhod.
904 352 938 402 I,
973 349 1097 405 932).
1164 351 1386 405 Quinetiam
1428 352 1597 401 suerunt,

107 438 173 491 qui
206 435 410 477 Noachum
450 443 528 476 tam
567 450 654 476 cum
685 435 886 492 Dionyso,
931 450 1047 492 qnam
1089 450 1175 477 cum
1210 434 1364 477 Osiride
1398 450 1600 491 compara-

108 521 254 570 verint3
288 522 340 560 ita
375 520 540 561 Tzetzes
575 516 797 572 (chitvlll.
833 520 924 560 hist.
950 517 1076 573 211):

255 622 378 678 ἕγγῦς
408 623 520 680 ὁρῶν
551 628 636 667 τῶν
657 621 873 681 ἰῙ·Ῐμο()“ὥν,
900 623 1054 674 Ἰνδίας
1088 625 1134 667 δὲ
1167 623 1218 666 ῖοῖ
1252 626 1327 682 ὄρη

256 696 407 752 στηλαί
435 712 544 747 τινες
575 696 791 752 ἑστήκασι,
824 696 973 752 armat
1004 700 1079 738 τοῦ
1111 698 1341 740 Διονύσου·

254 765 307 810 οὗ
339 772 413 811 τοῦ
447 770 642 824 Θηβαιοῦ
673 768 862 819 λέγωδὲ
894 771 965 809 καὶ
997 769 1071 810 τοῦ
1104 766 1330 822 Ζαβόσκου
1362 768 1479 823 τέλη,

256 841 333 882 τοῦ
365 841 606 895 οἷνουργίας
640 838 680 881 6³
704 836 898 894 ιῦρετοῦ,
933 843 1059 895 φημί,
1094 841 1170 881 τοῦ
1200 841 1459 893 Αἰγυπτίου,

254 913 329 954 τοῦ
362 915 471 954 Νῶε
502 915 574 952 καὶ
596 910 870 966 Ὀσίριδος.

107 1020 212 1061 Nihil
244 1020 423 1076 equidem
456 1027 601 1069 statuo,
635 1034 729 1060 num
761 1019 824 1060 hic
845 1021 926 1060 vini
958 1022 1152 1069 inventor,
1189 1034 1304 1076 quem
1327 1034 1413 1060 cum
1435 1019 1598 1061 Noacho

107 1106 362 1145 commutavit
392 1102 518 1144 scriba
550 1111 703 1151 noster,
742 1118 885 1144 nomen
918 1118 1033 1144 suum
1067 1103 1115 1143 al)
1147 1103 1349 1160 Aegyptio
1382 1104 1452 1146 No
1488 1099 1599 1156 (Nl)

108 1187 281 1228 derivare
320 1190 508 1243 potuerit.
573 1186 707 1242 Neque
750 1189 850 1227 enim
898 1195 1072 1236 constat,
1122 1186 1219 1243 quid
1259 1186 1332 1228 sibi
1373 1188 1467 1229 velit
1505 1187 1601 1229 illud

106 1266 219 1338 3572ss
251 1265 333 1320 8⁴3,
368 1272 529 1327 antiqua
553 1269 781 1311 Thebarum
814 1272 895 1311 sive
928 1267 1032 1318 Διὸς
1063 1269 1228 1318 πόλεως
1260 1270 1477 1327 designatio
1513 1268 1598 1323 (Ez.

104 1354 244 1403 XXX,
282 1353 354 1403 14,
384 1353 457 1403 15,
486 1352 552 1396 16.
594 1354 672 1394 Jes.
704 1354 850 1403 XLVI,
885 1353 952 1394 25.
994 1353 1093 1394 Ν611.
1124 1354 1190 1403 111,
1216 1352 1274 1407 8).
1337 1354 1435 1395 Nam
1468 1364 1601 1396 utrum

106 1440 347 1494 praepositio
390 1440 442 1478 sit
479 1432 540 1482 N}
574 1453 623 1478 an
655 1452 817 1487 nomen,
862 1445 917 1487 et,
960 1439 992 1477 si
1023 1453 1187 1488 nomen,
1228 1446 1360 1479 utrum
1393 1441 1601 1495 proprium

106 1536 152 1562 an
195 1522 495 1578 appellativum,
538 1536 585 1562 ne
625 1523 726 1562 inter
756 1521 1061 1578 Aegyptologos
1102 1522 1260 1577 quidem
1292 1530 1458 1563 constat.
1522 1521 1603 1563 Sed

106 1620 186 1646 non
227 1620 328 1661 opus
362 1613 421 1646 est
452 1604 502 1646 ad
533 1607 779 1662 peregrinam
810 1620 967 1655 vocem,
1012 1605 1072 1645 vel
1105 1605 1155 1646 ad
1185 1587 1368 1662 gentilem
1400 1605 1602 1662 mytholo-

105 1691 226 1745 giam,
261 1688 484 1745 confugere.
542 1688 753 1745 Equidem,
788 1697 833 1729 ut
864 1691 902 1729 in
935 1690 1023 1745 ipso
1053 1689 1288 1746 Fragmento
1321 1689 1451 1739 vides,
1486 1690 1602 1746 longe

106 1773 379 1829 simpliciorem
420 1787 581 1829 eamque
628 1773 742 1829 plane
787 1772 1157 1829 homoeopathicam
1199 1774 1421 1829 conquisivi
1462 1781 1600 1815 nostro

106 1856 192 1897 loco
224 1856 423 1898 medelam.
472 1856 684 1897 Peritiores
718 1856 856 1898 harum
888 1872 1018 1898 rerum
1044 1857 1198 1912 judices
1224 1857 1307 1912 jam
1340 1856 1491 1913 pridem
1523 1865 1602 1897 sta-

107 1948 267 1982 tuerunt
304 1941 550 1982 intervallum
590 1940 688 1981 illud
727 1942 827 1982 inter
866 1943 1034 1997 primum
1077 1949 1115 1981 ct
1150 1940 1365 1982 secundum
1398 1941 1602 1981 hominum

105 2026 319 2080 genitorem
351 2024 468 2065 nullis
500 2024 688 2064 historiae
721 2023 983 2066 fundamentis
1016 2026 1099 2065 niti.
1156 2023 1340 2065 Ostendit
1370 2025 1469 2065 enim
1502 2026 1603 2065 inter

107 2107 203 2147 alios
251 2107 441 2148 Henricus
489 2107 630 2148 Ewald
678 2104 936 2160 (Geschiclite
986 2108 1052 2148 des
1091 2107 1241 2148 Volkes
1287 2107 1405 2149 Israel
1452 2108 1531 2148 vol.
1572 2107 1599 2148 I.

106 2206 172 2247 pp.
199 2189 464 2244 308—327)
506 2191 644 2231 decem
681 2190 765 2231 illas
798 2191 859 2232 vel
899 2198 1051 2247 septem
1082 2190 1399 2232 patriarcharum
1431 2191 1602 2248 appella-

109 2277 254 2324 tiones,
290 2289 390 2331 quae
412 2273 607 2315 Adamum
630 2273 794 2315 Noacho
829 2277 941 2331 quasi
964 2283 1099 2316 catena
1122 2283 1352 2324 annectunt,
1387 2290 1468 2316 non
1490 2290 1601 2317 veras

106 2373 293 2414 personas
327 2358 563 2414 significare,
606 2358 675 2399 sed
707 2358 943 2414 symbolicas
976 2360 1265 2415 proprietatum
1298 2358 1599 2415 designationes.

107 2441 394 2498 Comprobavit
415 2450 543 2483 autem
564 2441 754 2483 Ernestus
777 2441 976 2484 Bertheau
998 2440 1307 2495 (Jahresbericlit
1329 2442 1396 2483 der
1412 2442 1600 2483 Deutsch.

107 2526 295 2582 morgcnl.
328 2525 538 2568 Gesellsch.
576 2524 821 2567 1845-46.
855 2541 922 2582 pp.
946 2525 1004 2567 40
1027 2523 1131 2582 sqq.)
1171 2525 1468 2582 chronologiam
1500 2526 1603 2567 illam

108 2608 436 2666 qualemcunque,
472 2624 571 2666 quae
601 2609 695 2650 haec
726 2611 886 2651 nomina
919 2612 1140 2658 comitatur,
1175 2624 1254 2649 non
1288 2623 1307 2648 6
1340 2623 1431 2650 vera
1462 2624 1506 2650 ac
1537 2624 1604 2650 ve-

110 2700 213 2732 tusta
257 2692 466 2734 traditione
506 2701 656 2734 erutam
697 2708 799 2742 esse,
842 2693 909 2734 sed
951 2701 1130 2734 exactum
1175 2690 1287 2734 1600
1319 2707 1370 2726 =
1403 2691 1460 2733 40
1485 2699 1521 2738 ><
1546 2691 1604 2734 40

108 2790 300 2816 annorum
332 2775 519 2817 solarium
550 2792 754 2818 numerum
789 2777 1028 2832 confingere,
1073 2775 1198 2832 qualis
1230 2791 1311 2817 non
1344 2791 1475 2818 casum
1508 2785 1604 2817 tem-

107 2861 236 2914 poris,
279 2858 347 2899 sed
386 2858 619 2901 industriam
660 2861 927 2917 compilatoris
967 2859 1154 2900 redoleat.
1218 2859 1446 2901 Eximamus
1484 2861 1604 2916 igitur

107 2940 257 2984 Noaehi
299 2957 460 2994 nomen,
502 2944 612 3000 quod
652 2943 777 2986 scriba
810 2943 897 2985 ideo
932 2943 1023 2985 huic
1054 2944 1267 2985 narrationi
1302 2943 1470 2994 infersit,
1513 2944 1606 2999 quia

1270 3023 1317 3041 Νη

1274 3034 1285 3057 l
