1867 3301
823 212 884 257 17

105 365 193 392 nam
227 353 265 392 in
296 353 465 408 priorem
499 352 757 407 scriptionum
790 350 955 392 sormam
989 350 1199 408 aliquando
1235 352 1445 401 intuemur,
1487 352 1602 409 longe

106 436 267 491 majoris
302 449 442 492 operae
475 436 547 476 erit
578 443 616 476 et
648 434 766 476 studii
800 436 839 476 in
872 437 1058 477 immensa
1090 435 1154 477 illa
1184 434 1401 477 multorum
1430 436 1604 477 saeculo·
1642 449 1650 459 ·

106 534 194 560 rum
244 518 436 575 farragine
477 532 593 575 quam
637 527 749 560 vetus
790 518 1085 561 Testamentum
1127 518 1400 575 complectitur
1439 534 1544 560 nova
1583 535 1604 560 a

105 604 314 658 primaevis
348 586 547 658 separare,
593 611 631 643 et
664 602 713 643 ad
746 604 831 658 ipsa
864 603 1076 660 archetypa
1109 603 1247 645 redire.
1311 602 1464 644 Etenim
1498 603 1605 643 nulla

106 684 294 726 habemus
335 686 603 742 autographa,
654 686 780 726 nullas
826 688 1103 742 inscriptiones
1146 688 1227 728 sive
1269 686 1600 743 hieroglyphicas,

108 770 189 809 sive
222 768 360 809 litteris
396 771 666 825 consignatas,
711 770 856 810 nullam
888 770 1216 826 palaeographiae
1248 772 1465 819 materiem,
1508 770 1605 811 nihil

106 853 290 901 omnino,
353 852 461 908 quod
512 853 627 894 fidem
681 852 970 909 diplomaticam
1024 853 1237 894 confirmet.
1316 854 1421 895 Haec
1475 856 1605 895 omnia

106 935 260 975 aliunde
299 935 467 991 petenda
500 945 612 985 sunt,
656 937 800 978 scilicet
832 935 879 977 ab
913 936 1122 993 Aegyptiis
1155 936 1217 977 vel
1249 951 1270 976 a
1300 936 1601 979 Ninevensibus,

104 1017 271 1059 Hebraei
311 1021 386 1074 ipsi
426 1019 522 1060 nihil
554 1019 669 1061 nobis
703 1020 965 1076 reliquerunt,
1009 1021 1083 1060 nisi
1116 1020 1220 1061 illam
1252 1022 1490 1076 scriptorum
1524 1022 1605 1062 col-

107 1101 331 1151 lectionem,
377 1116 493 1158 quam
527 1118 642 1152 vero,
685 1118 755 1144 nec
798 1106 892 1144 satis
925 1104 1140 1153 intellecto,
1183 1106 1341 1145 nomine
1373 1104 1600 1155 fllasoram,

107 1186 132 1225 i.
157 1200 188 1225 e.
222 1200 367 1226 meram
399 1186 650 1228 traditionem
683 1187 879 1243 appellant
893 1182 932 1239 ¹).
998 1186 1197 1240 Quaenam
1231 1187 1326 1229 haec
1359 1187 1477 1229 suerit
1509 1191 1603 1230 satis

106 1266 272 1308 dilucide
306 1269 532 1324 explanavit
553 1269 778 1310 Everardus
801 1270 889 1310 Van
905 1262 990 1310 'der
1011 1269 1177 1327 IIooght
1208 1273 1248 1311 in
1279 1271 1521 1327 praefatione
1554 1272 1603 1312 ad

105 1353 434 1393 accuratissimam
467 1352 576 1393 illam
609 1352 828 1393 Bihliorum
868 1352 1078 1394 editionem
1113 1351 1152 1406 (ξ
1184 1351 1280 1406 24);
1325 1354 1513 1396 »Certum
1546 1363 1605 1395 est

105 1435 214 1475 viros
245 1451 479 1493 synayoqae
510 1451 686 1491 maynae
717 1436 896 1492 praeside
929 1434 1049 1477 Ezra
1080 1437 1294 1486 sacerdote,
1331 1437 1452 1491 juxta
1482 1437 1603 1478 Para·

105 1527 245 1559 statam
277 1518 503 1560 Nehemiam
537 1528 574 1560 et
594 1519 792 1561 Primores
816 1518 1021 1576 Sapientes
1054 1520 1193 1576 populi
1227 1528 1320 1576 post
1344 1520 1457 1562 LXX
1479 1536 1603 1563 anno—

105 1617 192 1643 rum
233 1603 393 1643 exilium
434 1618 620 1644 coronam
661 1604 757 1660 legis
799 1604 838 1644 in
877 1605 1087 1660 pristinum
1121 1612 1266 1645 statum
1298 1604 1522 1655 reduxisse,
1566 1613 1605 1646 et

106 1685 264 1727 Sacram
293 1685 538 1742 Scripturam
571 1702 593 1728 a
613 1686 1081 1743 Pseudoprophetarum,
1119 1696 1156 1729 et
1178 1688 1345 1729 aliorum
1368 1689 1602 1745 corruptelis

104 1783 360 1826 repurgasseg
404 1778 521 1826 atquc
562 1770 652 1811 hinc
685 1770 939 1812 Talmudicos
966 1771 1056 1826 jure
1088 1773 1228 1812 merito
1263 1774 1484 1827 scripsisse:
1524 1773 1604 1813 viri

103 1837 336 1909 syozczyoyae
384 1869 561 1909 maynae
606 1855 868 1895 restituerwzc
905 1855 1256 1913 o'naymficentiam
1292 1856 1336 1895 in
1377 1857 1602 1910 pristinum

103 1942 262 1977 stat'zmz.
326 1936 452 1978 Desiit
490 1937 567 1978 hoc
606 1936 842 1994 Synagogae
884 1953 1047 1995 magnac
1089 1938 1297 1979 concilium
1336 1940 1375 1978 in
1418 1937 1601 1980 Simeone

103 2018 240 2068 Justo,
276 2021 343 2075 qui
377 2019 533 2061 obviam
566 2021 753 2076 prodiens
776 2021 1005 2062 Alexandro
1038 2021 1209 2077 Magno,
1245 2021 1328 2076 ejus
1363 2021 1600 2062 clementiam

105 2103 347 2157 impetravit,
391 2118 494 2143 anno
536 2103 584 2144 ab
623 2112 824 2145 exstructo
859 2104 1004 2160 templo
1038 2104 1154 2145 XLII.
1218 2104 1437 2161 Permagna
1468 2107 1601 2161 itaque

106 2184 211 2240 apud
232 2184 432 2226 Hebraeos
456 2185 530 2227 fuit
552 2189 764 2228 auctoritas
789 2187 908 2244 hujus
933 2186 1109 2237 Concilii,
1147 2188 1258 2243 cujus
1281 2187 1455 2229 membra
1476 2202 1600 2229 annos

103 2267 207 2308 ultra
237 2268 308 2309 XL
341 2271 660 2324 supervixerunt.
717 2270 891 2312 ssl'ccsorcc
922 2271 1017 2312 hacc
1049 2270 1097 2311 ab
1130 2271 1233 2312 Ezra
1265 2272 1465 2313 sacerdote
1500 2281 1598 2321 orta,

101 2366 172 2407 per
213 2366 457 2394 successores
498 2352 680 2409 pluribus
722 2353 915 2395 aetatibus
958 2354 1090 2395 studio
1129 2355 1390 2411 plurimorum
1424 2357 1600 2396 virorum

104 2433 210 2475 haud
244 2435 458 2492 vulgariter
490 2436 719 2487 doctorum,
756 2438 983 2478 continuata
1015 2438 1091 2478 suit
1121 2453 1248 2494 usquc
1282 2438 1331 2478 ad
1363 2438 1600 2479 horrendam

103 2516 400 2574 HIerosolymae
432 2521 597 2560 ruinam.
649 2519 753 2573 Quin
778 2523 913 2570 etiam,
947 2529 1041 2577 post
1065 2523 1178 2562 istius
1202 2536 1273 2577 per
1296 2521 1431 2561 Titum
1448 2521 1601 2577 Vespa-

104 2602 256 2642 sianum
289 2602 503 2652 excidium,
539 2604 577 2643 in
609 2611 712 2644 terra
733 2604 884 2645 Israelis
910 2603 1075 2645 Scholae
1099 2613 1136 2645 et
1156 2604 1349 2644 Ecclesiae
1373 2607 1411 2645 in
1435 2604 1600 2661 quibus-

105 2682 192 2723 dam
231 2683 326 2725 locis
365 2685 553 2741 paulatim
595 2695 688 2727 sunt
718 2695 972 2729 restauratae.
1035 2687 1139 2728 Inter
1171 2701 1234 2728 eas
1267 2696 1519 2729 recensentur
1551 2688 1599 2730 ab

206 2813 229 2855 ²)
265 2811 369 2853 Quam
395 2812 494 2858 plena
520 2815 589 2847 sint
614 2815 770 2849 vanitatis
803 2827 839 2850 ea
866 2827 950 2861 quae
979 2815 1017 2849 de
1045 2815 1158 2849 divina
1183 2816 1488 2850 Masorethicorum
1517 2818 1599 2851 seri-

104 2875 221 2910 barum
249 2878 447 2913 auctoritate
474 2879 654 2914 traduntur
680 2880 795 2916 videas
826 2880 904 2915 lieet
930 2893 969 2915 ex
996 2880 1082 2915 libro
1111 2881 1304 2928 apocrypho
1332 2881 1353 2915 4
1379 2882 1478 2917 Esdr.
1500 2881 1598 2923 XIV,

103 2938 148 2975 39
168 2954 243 2987 sqq.

1289 3018 1311 3052 2
