1867 3301
790 205 889 252 319

93 348 266 398 σκότους
296 343 469 396 τούτου,
511 342 557 388 τὸ
600 342 892 399 πνευματικὸν
922 345 994 400 τῆς
1025 346 1231 400 πονηρίας
1263 343 1308 386 ἐν
1340 350 1427 391 τοῖς
1459 343 1588 385 ἕπου-

92 434 254 487 ρανίοις
286 428 404 488 (Ερίι.
427 430 492 480 VI,
522 428 604 483 12),
641 439 678 471 et
711 444 832 487 quum
865 431 896 470 is
931 429 1076 470 nullam
1098 428 1253 478 habeat,
1288 437 1333 470 ut
1366 428 1587 469 scholastici

91 517 219 564 aiunt,
261 521 489 556 concretam
527 510 794 556 substantiam
821 538 823 541 .
848 521 886 554 ct
937 514 1232 566 exsistentiam,
1283 512 1351 554 sed
1398 513 1506 552 vivat
1552 519 1590 550 et

90 601 221 656 vigeat
252 599 516 655 potentialiter
548 600 587 639 in
620 597 846 639 hominibus
879 611 1060 654 nequam,
1093 596 1300 653 flagitiosis
1334 604 1372 637 ct
1402 595 1586 644 scelestis,

91 682 238 724 locutio
279 682 343 723 illa
374 696 445 738 per
477 696 517 723 se
549 681 750 722 collectiva
783 690 860 730 cst,
902 689 939 722 ct
976 681 1038 722 vel
1076 682 1158 722 sine
1190 680 1367 736 praefixo
1400 680 1482 724 ΊΞ
1514 692 1586 734 pro

90 768 247 807 nominc
277 767 429 807 numeri
461 764 596 806 haberi
634 745 789 821 potest,
828 773 874 806 ut
914 764 1029 806 docet
1066 766 1265 821 appositio
1301 765 1408 804 vocis
1440 744 1588 829 ΠΓ-ἹἙΖΞ

89 864 162 906 pro
197 833 306 917 0¹22
340 851 379 890 in
412 850 533 891 altero
567 848 653 890 loco
690 845 733 902 (2
757 833 863 890 Sam.
886 848 1027 897 XXIII,
1055 845 1112 900 6).
1578 831 1582 835 ¹

207 919 375 974 Notabis
408 948 565 974 versum
599 931 654 974 30
687 933 870 989 scriptori
905 930 1000 974 Gen.
1023 930 1173 980 XLIX,
1208 946 1272 971 VV.
1299 928 1344 980 6,
1373 928 1425 971 19
1460 929 1589 985 dupli-

91 1032 170 1059 cem
203 1016 380 1059 imitandi
413 1018 610 1058 materiem
632 1015 874 1073 praebuisse.
922 1015 1026 1056 Idem
1049 1029 1201 1064 versus,
1236 1023 1281 1055 ut
1303 1022 1340 1056 et
1362 1028 1498 1055 versus
1520 1012 1587 1062 38,

91 1101 139 1142 ad
160 1100 324 1142 Davidis
358 1101 563 1141 historiam
597 1109 771 1157 spectare
804 1108 957 1156 potest3
992 1099 1038 1140 cs.
1067 1097 1085 1140 1
1113 1098 1218 1140 Sam.
1241 1098 1374 1148 XXX,
1400 1097 1445 1139 8:
1484 1096 1591 1138 »Da-

90 1184 198 1226 vides
232 1186 492 1241 interrogavit
521 1184 714 1226 Jchovam
737 1199 830 1225 num
853 1186 885 1225 si
908 1191 1085 1225 turmam
1106 1183 1208 1224 illam
1243 1178 1419 1241 (ssl‘ilttj)
1445 1196 1589 1237 perse-

89 1275 300 1326 queretur,
347 1267 388 1309 id
427 1270 478 1309 sit
518 1266 802 1310 assecuturus?
851 1276 889 1309 et
933 1282 1168 1324 responsum
1215 1267 1324 1308 tulit:
1355 1246 1407 1306 'si
1454 1265 1588 1306 hostes

27 1408 30 1410 Α
89 1360 403 1409 persequeretur,
437 1367 519 1393 non
542 1352 670 1394 solum
694 1367 761 1393 eos
785 1359 1058 1393 assecuturum
1091 1366 1186 1401 esse,
1221 1350 1291 1392 sed
1312 1352 1426 1391 etiam
1460 1350 1590 1390 omnia

89 1444 447 1493 recuperaturum«
507 1436 598 1477 Alia
630 1436 870 1478 Jasharanae
910 1437 1140 1476 imitationis
1173 1435 1337 1491 vestigia
1371 1448 1492 1489 supra
1525 1432 1590 1474 dc-

65 1508 368 1577 *prehendimus
400 1522 440 1561 in
473 1522 621 1561 cantico
656 1520 795 1571 Mosis,
831 1520 940 1577 quod
972 1535 1035 1560 vv.
1062 1517 1139 1569 31,
1174 1517 1250 1569 34,
1274 1516 1329 1560 45
1363 1531 1498 1574 presse
1531 1531 1590 1558 se-

90 1606 226 1660 quitur
267 1601 407 1657 (Deut.
438 1603 627 1654 XXXIII,
661 1601 755 1657 29).
839 1603 1061 1657 Quinetiam
1105 1604 1286 1659 spiritum
1327 1603 1458 1658 ipsum
1501 1599 1590 1641 libri

88 1687 296 1729 ,Jasharani
337 1689 375 1728 in
417 1703 462 1729 eo
503 1702 693 1744 agnoscas
726 1688 834 1738 licet,
878 1687 989 1744 quod
1019 1686 1190 1728 Davides
1223 1686 1397 1727 Jehovae
1430 1684 1590 1726 tutelam

89 1779 126 1812 et
158 1770 395 1812 faustitatem
419 1787 530 1812 suam
562 1771 652 1812 inde
687 1771 900 1813 derivatam
932 1770 1123 1826 probitati
1156 1779 1193 1811 ct
1223 1770 1437 1826 relligioni,
1473 1783 1588 1825 quam

89 1863 296 1905 servasset,
330 1857 442 1896 unice
473 1854 723 1896 tribuendam
756 1863 887 1896 censet
919 1852 1000 1908 (vv.
1026 1853 1081 1895 20
1104 1850 1222 1910 sqq.).

493 2098 545 2141 1N
579 2098 860 2143 CAN'ucUM
894 2098 1174 2153 QUARTUM.

181 2273 339 2315 Titulus
372 2273 492 2330 hujus
535 2275 682 2314 cantici.
706 2275 744 2314 in
777 2274 1049 2330 antiquissima
1083 2273 1310 2314 collectione
1344 2268 1426 2324 (Ps.
1451 2267 1540 2323 LX)
1564 2265 1590 2323 ¹)

89 2372 183 2415 prae
215 2372 254 2398 sc
287 2357 362 2398 fert
393 2356 433 2398 id
465 2372 548 2398 esse
577 2371 730 2398 carmen
763 2356 998 2398 didacticum
1032 2372 1053 2398 a
1075 2356 1226 2397 Davide
1259 2357 1447 2411 scriptum
1479 2362 1590 2409 post-

90 2457 208 2499 quam
247 2449 464 2498 pugnasset
502 2456 588 2482 cum
627 2441 928 2497 Mesopotamiis
970 2449 1008 2481 et
1048 2439 1162 2496 Syris
1203 2438 1390 2487 Sobaeis,
1438 2436 1589 2479 Joabus

89 2541 183 2567 vero
216 2540 398 2567 reversus
432 2527 472 2566 in
504 2525 602 2567 valle
642 2525 734 2566 salis
775 2523 980 2565 duodecim
1022 2523 1141 2564 millia
1179 2522 1451 2564 Edomitarum
1490 2523 1591 2562 occi-

91 2609 224 2650 disset.
294 2609 398 2651 Vera
437 2624 520 2651 esse
561 2624 660 2666 quac
704 2611 744 2650 in
784 2610 860 2649 isto
911 2607 1027 2648 titulo
1071 2606 1298 2655 traduntur,
1340 2607 1410 2646 vix
1450 2619 1590 2661 operae

91 2695 260 2750 pretium
293 2691 433 2735 suisset
464 2692 682 2743 ostendere,
716 2694 792 2733 nisi
826 2699 885 2733 tot
907 2693 1138 2747 interpretes
1163 2691 1203 2730 in
1226 2689 1299 2730 alia
1322 2690 1451 2730 omnia
1473 2688 1591 2729 abiis-

170 2888 195 2928 ¹)
238 2885 363 2921 Partim
396 2887 536 2922 iteratur
570 2886 633 2921 hoc
666 2899 796 2922 carmen
829 2887 862 2920 in
896 2884 1013 2920 ultima
1050 2884 1249 2920 collectione
1283 2883 1424 2929 (Psalm.
1447 2882 1589 2926 CVIII),

90 2952 149 2988 ubi
174 2952 354 2988 »Psalmus
381 2952 544 2988 Davidis·
569 2952 766 2999 appellatur.
