1867 3301
124 974 211 1001 Num.
225 973 334 1003 XXIII.

153 1019 243 1043 7-10.
289 1014 332 1050 [7]

289 1329 333 1366 18]

288 1497 331 1533 [9]

265 1830 328 1867 [¹0]

115 2309 202 2337 Num.
219 2309 328 2339 XXIII.

138 2354 239 2379 18-24.
261 2350 325 2387 [18]

261 2499 325 2535 [191

262 2832 324 2867 [20]

749 177 1016 250 4233,-

370 319 486 360 Mane
518 317 701 374 praedam
735 316 959 366 devorabit,

371 401 422 443 Et
454 415 613 457 vespere
647 400 796 442 dividet
827 400 965 456 spolia.

550 685 594 726 Η.
644 683 859 726 BILEAMI
898 682 1189 727 CANTICUM.

674 890 797 917 PRIMA
828 889 1065 917 PARTICULA.

365 985 396 1027 E
428 993 533 1026 terra
563 983 755 1026 Aramaea
786 997 846 1024 me
878 985 1080 1025 arcessivit
1110 983 1324 1040 Balaquus,

366 1069 455 1110 Rex
485 1067 752 1111 Moabitarum
784 1082 844 1108 me
877 1081 927 1108 ex
957 1067 1160 1109 montibus
1193 1068 1355 1108 orientis
1389 1066 1576 1115 adduxit;

366 1153 532 1202 »Veni«,
566 1152 714 1208 inquit,
750 1159 814 1192 »et
846 1165 930 1192 mea
958 1152 1084 1208 gratia
1104 1151 1203 1192 male
1224 1165 1382 1207 precare
1403 1150 1616 1201 Jacohitis3

365 1236 472 1293 Age,
505 1235 697 1276 Israelitas
731 1233 964 1276 detestare.«

369 1319 456 1373 Qua
487 1320 638 1360 ratione
670 1317 915 1367 maledicam,
950 1320 1012 1358 cui
1043 1333 1125 1359 non
1156 1317 1358 1359 maledixit
1389 1317 1527 1359 Deus?

366 1402 577 1457 Quomodo
612 1401 850 1451 detestabor,
885 1416 1001 1458 quem
1034 1401 1186 1443 Jehova
1217 1417 1300 1444 non
1332 1402 1578 1444 detestatur?

364 1486 427 1528 Ex
459 1487 620 1527 summis
652 1484 820 1541 rupibus
851 1484 966 1526 video
1000 1499 1106 1535 eum,

362 1569 425 1611 Ex
457 1568 621 1610 collibus
654 1583 742 1610 eum
775 1567 994 1610 considero.

361 1653 460 1694 Ecce
492 1652 601 1694 solus
634 1651 806 1701 habitan

362 1736 462 1778 Cum
496 1737 630 1777 ceteris
662 1735 846 1793 gentibus
878 1750 960 1776 non
990 1737 1187 1777 miscetur.

364 1820 460 1874 Quis
494 1819 713 1861 dinumeret
744 1818 1045 1861 innumerabiles
1077 1818 1299 1870 jacobitas3

363 1903 459 1958 Quis
492 1911 694 1959 computet
723 1903 785 1945 vel
817 1912 995 1959 quartam
1027 1911 1177 1960 partem
1208 1903 1501 1945 Israelitarum?

363 1986 516 2029 Utinam
539 1988 731 2028 moriatur
752 1988 880 2027 anima
901 2001 985 2027 mea
1007 1995 1169 2029 mortem
1192 1985 1408 2040 proborum
1430 1990 1609 2038 istorum,

358 2070 462 2113 Idem
495 2072 546 2112 sit
576 2084 685 2111 meus
719 2071 786 2126 qui
821 2084 957 2111 eorum
989 2071 1138 2111 exitus!

641 2227 821 2254 SECUNDA
852 2227 1090 2255 PARTICULA.

362 2320 509 2378 Surge,
542 2320 735 2377 Balaque,
769 2328 807 2362 et
838 2319 950 2370 audi3

357 2405 545 2446 Animum
575 2404 733 2446 adverte
764 2404 819 2445 fili
851 2403 1049 2460 Zipporis.

359 2488 465 2530 Deus
498 2503 579 2529 non
611 2496 671 2529 est
700 2488 834 2537 homo,
868 2496 913 2529 ut
944 2490 1166 2537 mentiatur,

356 2571 441 2613 Aut
472 2572 574 2614 filius
606 2572 789 2621 hominis,
825 2580 869 2613 ut
900 2586 1015 2627 quem
1047 2574 1259 2628 poeniteat.

356 2654 460 2697 Num
492 2655 552 2696 ille
586 2655 801 2712 quidquam
836 2654 996 2704 dixerit,
1032 2654 1142 2710 quod
1173 2670 1253 2696 nou
1286 2654 1460 2697 facturus
1494 2658 1555 2705 sit,

357 2738 421 2779 An
453 2741 505 2780 sit
535 2739 704 2788 locutus,
740 2738 849 2795 quod
880 2753 961 2779 non
994 2738 1194 2794 praestet?

358 2821 438 2870 En,
471 2821 569 2863 bene
603 2822 727 2864 dicere
760 2824 798 2864 in
830 2821 1024 2863 mandatis
1057 2821 1197 2872 habeo,

356 2904 564 2946 Benedixit
595 2905 676 2955 ille,
711 2920 784 2963 ego
817 2920 912 2947 vero
944 2904 1154 2961 prohibere
1186 2920 1267 2947 non
1300 2919 1476 2961 possum.
