1867 3301
652 828 1040 894 ADDENDA.

560 1212 665 1256 Nota
698 1214 747 1256 ad
778 1230 869 1273 pag.
894 1214 932 1256 7.
965 1214 1032 1256 lin.
1060 1212 1127 1255 17.

192 1320 239 1354 Ita
274 1321 305 1353 in
340 1325 487 1354 nascente
518 1319 658 1354 Ecclesia
691 1320 956 1354 commendantur
989 1318 1110 1354 nobiles
1145 1317 1187 1352 illi
1218 1318 1430 1359 Beroeenses,
1467 1323 1505 1351 ut
1536 1318 1590 1363 qui

98 1391 308 1438 Evangelium
342 1392 583 1438 promptissimo
616 1393 721 1427 animo
755 1393 943 1438 acciperent,
977 1390 1060 1426 καθ’
1086 1389 1223 1439 ἢμέραν
1255 1390 1504 1438 ἀνακρίνοντες
1534 1387 1594 1428 τὰς

98 1464 260 1512 γραφάς,
287 1466 318 1499 εἷ
340 1465 412 1510 ἔχοι
435 1464 540 1498 ταῦτα
565 1462 680 1502 οὕτως.

610 1645 715 1688 Nota
747 1645 797 1687 ad
826 1661 867 1703 p.
891 1645 960 1688 23.
993 1646 1018 1687 l.
1043 1643 1082 1688 9.

191 1751 275 1787 Fieri
300 1755 419 1798 potest,
452 1756 489 1786 ut
514 1751 612 1786 Jesus
638 1752 705 1797 ipse
732 1751 770 1785 ad
794 1751 873 1785 hane
898 1751 1036 1785 nominis
1061 1750 1174 1785 Israel
1197 1749 1457 1797 significationem
1483 1760 1591 1796 respe-

96 1824 194 1865 xerit,
228 1835 331 1869 quum
355 1824 425 1857 viso
451 1821 652 1870 Nathanaele.
670 1821 860 1856 exclamaret
886 1822 1014 1867 (Joann.
1032 1821 1057 1864 Ι,
1076 1820 1152 1865 47);
1189 1823 1242 1856 ἴδε
1267 1821 1406 1865 ἀληθῶς
1425 1822 1593 1869 Ἰσραηλί-

95 1907 167 1938 mc,
204 1896 243 1929 ἐν
279 1888 306 1940 ᾦ
344 1894 444 1933 δόλος
479 1895 543 1929 οὐκ
580 1896 657 1929 ἔστι.
707 1894 793 1928 Nam
831 1893 972 1938 ἀληθῶς
1007 1893 1092 1928 valet
1128 1905 1226 1928 »vero
1257 1893 1345 1928 verbi
1378 1905 1513 1928 sensuu:
1552 1892 1590 1926 cf.

97 1967 212 2001 Joann.
230 1966 289 2008 VI,
308 1966 367 2000 55:
402 1964 420 2009 ἧ
447 1965 518 2013 γὰρ
545 1966 633 2015 σάρξ
653 1979 723 2012 μου
749 1966 887 2009 ἀληθῶς
912 1967 980 2000 ἔστι
1004 1966 1133 2014 βρῶσις
1157 1965 1218 2000 καὶ
1242 1962 1277 1999 τὸ
1303 1965 1394 2012 αἷμά
1418 1979 1489 2012 μου
1514 1965 1591 2008 ἀλη-

96 2038 171 2076 θῶς
195 2039 261 2072 ἐστι
285 2038 393 2077 πόσις.
432 2036 553 2071 Paulus
581 2050 712 2084 quoque
738 2037 777 2072 ad
803 2037 939 2072 cundem
966 2035 1110 2071 vocabuli
1137 2048 1268 2072 sensum
1296 2042 1434 2083 spectare
1453 2037 1590 2078 videtur,

98 2121 199 2155 quum
226 2109 340 2143 diserie
367 2108 503 2145 affirmet
523 2110 631 2155 (Rom.
647 2109 706 2151 IX,
726 2109 777 2154 6)2
804 2109 844 2145 οὐ
862 2107 932 2158 γὰρ
950 2110 1074 2148 πάντες
1091 2110 1123 2144 οῖ
1141 2111 1177 2150 ἐξ
1189 2106 1324 2155 Ἰσραὴλ
1344 2103 1589 2158 οὗτοιἸσραὴλ.

589 2292 693 2336 Nota
727 2293 775 2336 ad
806 2310 846 2352 p.
869 2292 940 2337 41.
974 2293 998 2336 l.
1023 2293 1092 2336 23.

193 2395 325 2434 Solomo
357 2410 420 2433 non
452 2399 549 2434 modo
582 2400 767 2434 summatim
802 2398 949 2434 describit
978 2398 1058 2445 lapsi
1090 2398 1229 2433 bominis
1259 2403 1440 2445 peccatum,
1476 2410 1590 2434 verum

97 2471 191 2506 etiam
224 2471 351 2517 saepius
384 2472 509 2517 respicit
539 2471 577 2505 ad
603 2471 811 2518 symbolicam
837 2470 922 2505 illam
948 2470 985 2504 (le
1012 2471 1122 2505 arbore
1147 2471 1229 2505 vitae
1255 2470 1428 2505 historiam.
1480 2472 1590 2512 Quum

99 2543 181 2576 enim
207 2549 304 2594 Dian
332 2548 389 2606 vy
421 2549 510 2577 extra
537 2543 671 2578 Genesin
706 2544 736 2577 in
767 2541 854 2577 nullo
880 2541 939 2576 alio
965 2542 1092 2577 Veteris
1119 2543 1319 2578 Testamenti
1343 2542 1422 2577 libro
1449 2555 1589 2578 comme-

97 2619 251 2655 moretur,
279 2614 454 2659 symbolica
479 2616 538 2649 isla
565 2615 657 2649 arbor
683 2620 795 2661 quater
817 2615 953 2649 occurrit
970 2616 1001 2649 in
1019 2613 1198 2649 collectione
1215 2615 1480 2657 Proverbiorum‚
1508 2627 1589 2661 quae

99 2685 159 2720 sub
187 2684 369 2720 Solomonis
402 2688 529 2721 nomine
561 2687 800 2728 circumfertnr3
839 2685 903 2721 scil.
927 2685 1060 2728 111,18.
1092 2686 1156 2729 XI,
1175 2685 1230 2721 30.
1261 2686 1354 2729 XJH,
1377 2685 1430 2721 12.
1460 2687 1538 2729 XV,
1557 2686 1588 2721 4.

96 2756 269 2792 Hominem
301 2756 420 2791 factum
452 2769 520 2792 esse
546 2759 693 2804 probum
719 2757 862 2817 (Ἶῐτθξ),
896 2758 1008 2792 idcirco
1039 2770 1073 2793 se
1098 2759 1255 2793 invenisse
1281 2757 1420 2792 affirmat
1445 2757 1588 2800 Solomo,

98 2828 360 2875 quandoquidem
385 2828 490 2871 Deus,
524 2831 580 2874 qui
604 2831 671 2876 ipse
696 2830 817 2877 probus
845 2830 885 2863 sit
911 2841 951 2864 cx
975 2836 1080 2865 menie
1105 2830 1186 2865 vatis
1211 2829 1378 2865 Jasharani
1404 2830 1587 2875 (Deuteron.

94 2899 236 2943 XXXH,
255 2900 302 2945 4),
328 2900 492 2936 hominem
518 2900 557 2936 ad
581 2902 751 2949 imaginem
776 2913 870 2937 suam
895 2899 1046 2938 creatverit
1070 2902 1162 2948 (Gen.
1179 2902 1204 2946 Ι,
1221 2901 1290 2946 27).
