1867 3301
769 198 868 247 269

73 334 479 399 autem‘pesfflmdct.
544 338 681 383 Cetera
720 339 900 382 Deborae
941 341 1120 396 assigno,
1163 351 1283 395 quac,
1326 346 1370 379 ut
1410 340 1563 394 opinor,

73 428 173 469 hanc
205 426 307 468 oden
339 427 574 482 composuit.

189 510 275 551 Etsi
301 508 480 551 credibile
504 516 563 549 est
584 508 685 549 hanc
707 508 935 549 cantilenam
959 515 1097 563 postea
1119 509 1275 563 saepius
1299 508 1336 547 in
1358 514 1488 547 tantae
1511 509 1565 548 rei

73 595 298 636 memoriam
329 594 528 634 recitatam
561 592 703 642 fuisse,
737 594 830 632 satis
863 591 1079 632 luculenter
1107 599 1270 647 apparet
1292 604 1340 631 ex
1362 593 1449 647 ipso
1473 605 1566 632 con-

74 686 186 720 textu
225 692 306 719 eam
346 677 540 732 principio
583 690 604 716 a
636 674 795 716 Debora
826 675 970 715 ideirco
1005 676 1264 730 conscriptam
1297 689 1402 724 esse,
1444 682 1488 715 ut
1520 689 1564 715 eo

74 761 134 803 die
166 769 381 810 caneretur,
416 774 495 816 quo
528 760 655 800 victor
676 750 847 815 Baraqni
881 760 1087 807 exercitus,
1122 773 1201 798 una
1234 773 1320 798 cum
1349 758 1423 799 illis
1445 758 1567 799 Israe-

72 845 226 886 litarum
262 846 384 900 copiis
419 857 518 899 quae
551 845 675 884 serius
709 850 971 891 accesserant,
1006 842 1168 882 solemni
1200 856 1346 898 pompa
1374 841 1565 883 deductus

74 937 150 978 est,
184 937 222 969 et
253 942 332 984 quo
367 929 544 983 captivos
577 942 620 968 ac
652 926 841 982 reliquam
865 925 1048 982 praedam
1070 926 1209 967 milites
1232 927 1334 967 inter
1355 940 1394 966 se
1417 927 1567 966 socios-

74 1027 149 1069 que
192 1011 476 1068 partiebantur.
539 1011 643 1052 Ante
685 1010 821 1051 oeulos
862 1012 974 1066 quasi
1013 1018 1255 1066 praesentem
1294 1023 1441 1066 ponere
1479 1009 1569 1050 licet

72 1096 234 1152 longum
275 1096 382 1137 illum
422 1095 749 1151 triumphantium
792 1096 1031 1135 comitatum.
1093 1093 1278 1135 Mulieres
1320 1108 1370 1134 cx
1400 1092 1566 1134 urbibus

71 1179 290 1221 Israeliticis
314 1187 494 1221 canentes
518 1187 555 1220 et
574 1179 759 1220 saltantes
782 1180 976 1219 victorum
999 1178 1187 1234 relliquiis
1211 1176 1367 1219 obviam
1390 1179 1565 1228 veniunt,

75 1278 161 1305 cum
192 1266 392 1320 tympanis
426 1271 463 1304 ct
485 1263 692 1320 triangulis
719 1262 936 1304 alternatim
960 1270 1152 1303 canentes,
1200 1262 1242 1302 In
1264 1264 1392 1318 primo
1416 1263 1567 1318 agmine

73 1347 295 1405 procedunt
325 1348 536 1404 principes,
569 1349 671 1388 inter
703 1361 804 1403 quos
829 1346 1049 1404 Baraquus,
1085 1348 1293 1387 comitante
1325 1345 1569 1387 nobilissima

74 1431 139 1473 illa
176 1431 391 1488 Lapidothi
437 1445 577 1472 uxore.
645 1430 701 1471 Ibi
740 1430 948 1486 Ephraim,
997 1430 1272 1487 prophetissae
1318 1429 1465 1480 tribus;
1513 1429 1568 1470 ibi

73 1515 299 1571 Benjamin,
340 1515 530 1572 parvulus
570 1514 653 1564 ille,
696 1514 901 1555 dominans
939 1516 1040 1555 inter
1069 1513 1209 1555 fratres
1241 1528 1357 1564 suos;
1398 1513 1452 1554 ibi
1482 1513 1569 1555 Ma-

74 1601 228 1641 nassaei
267 1608 305 1640 et
342 1599 617 1648 Issacharitae3
659 1597 713 1639 ibi
745 1597 960 1640 Zebulonis
1001 1600 1219 1654 principes,
1262 1599 1328 1654 qui
1360 1599 1481 1639 vitam
1519 1597 1569 1638 ad

75 1692 240 1725 mortem
278 1698 404 1740 usque
436 1683 503 1724 vili
543 1684 861 1733 aestimaverant3
902 1682 957 1723 ibi
989 1681 1194 1723 fortissimi
1223 1681 1567 1738 Naphthalitarum

77 1769 144 1823 qui
185 1781 272 1808 cum
302 1767 487 1824 Baraquo
529 1781 578 1807 ex
617 1768 719 1823 agris
752 1769 948 1808 montanis
983 1765 1274 1808 descenderant.
1338 1765 1570 1823 Sequuntur

76 1850 196 1906 longo
231 1850 367 1891 ordine
400 1851 544 1906 captivi
577 1851 832 1906 captivaeque
846 1866 860 1900 3·
889 1849 1023 1891 ferreis
1047 1849 1178 1891 Sisrae
1211 1848 1391 1891 curribus
1418 1850 1569 1891 vehun=

77 1941 143 1974 tur
173 1947 395 1990 purpureae
426 1941 566 1982 vestes,
600 1933 806 1974 mulierum
837 1933 1090 1975 Sidoniarum
1124 1948 1262 1989 opera,
1296 1934 1438 1975 loricae
1471 1949 1567 1975 auro

78 2019 329 2066 intertextae,
369 2016 488 2074 gladii
528 2031 737 2074 ensesque,
782 2017 1023 2059 Damaseeno
1064 2017 1167 2059 ferro
1208 2019 1323 2059 acuti.
1387 2015 1569 2074 Undique

79 2100 393 2151 acclamationes,
426 2101 601 2158 undique
632 2101 767 2143 laudes
798 2101 992 2143 Jehovae!

197 2184 277 2227 Sed
302 2186 384 2242 jam
419 2185 573 2227 tandem
606 2185 656 2226 ad
680 2185 927 2242 singulorum
947 2187 1310 2242 interpretationem
1334 2185 1570 2228 descenden-

79 2268 172 2310 dum
204 2277 273 2310 est.

196 2370 234 2395 v.
263 2352 298 2395 1.
346 2354 387 2395 In
419 2356 507 2411 ipso
534 2353 684 2396 Cantici
715 2356 825 2395 initio
861 2356 1064 2410 quaeritur
1095 2354 1191 2411 quid
1223 2354 1297 2396 sibi
1329 2354 1424 2396 velit
1453 2353 1568 2395 illud:

535 2421 744 2506 &aaron
777 2432 934 2484 nima
967 2439 1106 2506 ³3³⁵)ss

80 2520 269 2576 Equidem
301 2521 432 2563 nullus
466 2537 552 2563 sum
587 2521 731 2563 dubius
765 2523 860 2578 quin
892 2522 952 2563 vel
986 2537 1075 2562 vera
1108 2524 1159 2563 sit
1180 2523 1240 2563 vel
1261 2537 1354 2563 vero
1386 2524 1571 2578 proxima

82 2605 242 2660 antiqua
271 2605 336 2646 illa
358 2605 649 2647 Theodotionis
676 2607 825 2647 versio:
858 2604 905 2646 ἓν
934 2605 992 2661 τῷ
1024 2603 1247 2660 ἄρξασθαι
1279 2621 1415 2660 αρχη)
1419 2620 1494 2655 ους
1524 2605 1571 2647 ἐν

72 2683 250 2742 Ἰσραήλ.
313 2687 431 2742 Quod
462 2691 605 2731 evincit
635 2692 750 2731 etiam
781 2689 943 2730 lineolae
975 2691 1174 2745 sequentis
1208 2691 1426 2746 appositio:

507 2768 620 2819 ΓῚἾΙἻἾ
653 2774 780 2820 ἾΞἾΞΞ
813 2777 884 2819 ma·
916 2773 1131 2820 :amna

80 2853 217 2912 Exigit
247 2856 347 2896 enim
378 2855 506 2912 proba
537 2857 741 2899 antithesis
774 2865 819 2898 ut
851 2871 937 2897 eum
967 2835 1118 2913 populo
1151 2856 1268 2897 duces
1292 2858 1406 2898 etiam
1429 2858 1468 2897 in
1490 2870 1571 2897 sce-

82 2953 170 2980 nam
202 2938 451 2982 inducantur.
497 2939 730 2983 Praesertim
763 2956 882 2999 quum
917 2939 1049 2982 eadem
1081 2942 1280 2998 appositio
1310 2941 1444 2999 paullo
1471 2939 1570 2982 infr«
