1867 3301
972 199 1072 245 304

520 336 695 380 offerent
725 337 795 379 tibi
827 353 937 396 reges
969 355 1143 380 munera.

277 406 488 484 PS'LXlssIs]
524 420 737 478 Compesce
770 421 888 463 seram
921 423 1138 473 arundinis,

522 505 746 547 Taurorum
778 506 931 547 turbam
966 522 1052 548 cum
1085 507 1326 563 populorum
1359 507 1505 557 vitulis,

519 588 572 630 Ut
603 604 685 630 sese
719 604 804 630 cum
837 575 1015 631 frustulis
1049 592 1199 647 argenti
1231 590 1426 647 supplices
1458 597 1722 646 prosternant.

518 671 709 729 Disperge
740 674 926 729 populos,
961 675 1040 730 qui
1062 673 1164 714 bello
1199 673 1450 716 delectantur.

427 764 489 803 [32]
521 756 724 812 Magnates
759 759 914 798 venient
946 772 992 798 cx
1025 757 1226 814 Aegypto,

517 838 754 895 Properabit
784 839 999 898 Aethiopia
1030 841 1168 897 palmis
1201 844 1352 897 supinis
1386 841 1550 883 adorare
1582 841 1720 882 Deum.

427 930 489 969 [33]
524 921 556 964 Ο
590 938 709 980 regna
744 920 879 974 terrae,
914 926 1036 966 canite
1058 924 1155 974 Deo,
1189 924 1333 966 fidibus
1367 934 1517 967 cantate
1539 925 1763 976 Dominum,

425 1014 488 1053 [34]
523 1006 598 1061 Qui
631 1007 787 1049 vehitur
819 1023 1002 1065 supremo
1037 1017 1272 1066 aeternoque
1306 1009 1424 1052 caelo.

519 1090 598 1132 En!
633 1091 712 1133 edit
742 1107 839 1134 voce
872 1107 943 1134 sua
974 1107 1109 1134 vocem
1140 1095 1348 1151 ingentem.

427 1182 488 1221 [35]
524 1174 704 1217 Tribuite
735 1175 860 1217 robur
891 1176 988 1226 Deo,

520 1257 644 1316 Cujus
678 1275 797 1317 super
827 1260 1005 1302 Israelem
1037 1260 1320 1319 magnificentia
1353 1270 1423 1313 est,

518 1342 569 1384 Et
599 1342 724 1384 robur
756 1345 839 1401 ejus
872 1347 910 1386 in
943 1344 1130 1386 nubibus.

427 1438 489 1471 [36]
524 1426 727 1469 Terribilis
762 1443 800 1470 es
833 1437 890 1479 tu,
927 1445 948 1470 o
982 1429 1102 1479 Deus,
1137 1444 1155 1470 e
1188 1431 1419 1471 sanctuariis
1450 1431 1543 1471 tuis.

518 1510 625 1553 Deus
657 1512 807 1554 Israelis
841 1512 908 1554 dat
937 1512 1063 1555 robur
1094 1521 1132 1555 et
1162 1515 1264 1555 vires
1295 1513 1448 1572 populo
1481 1529 1569 1556 suo.

941 1672 1107 1699 CHORUS.

844 1753 1046 1806 Landetur
1075 1764 1201 1806 Deus!

737 2033 1308 2094 COMMENTARIUS.

394 2259 435 2300 In
469 2258 694 2317 fragmentis
727 2262 913 2317 septimae
943 2263 1067 2318 partis
1102 2260 1376 2318 dignoscendis
1405 2261 1556 2303 ratione
1576 2273 1765 2316 perquam

277 2343 441 2400 simplici
480 2358 576 2384 usus
617 2358 715 2385 sum.
781 2343 940 2385 Certum
982 2353 1041 2386 cst
1079 2345 1238 2401 elegiam
1280 2359 1358 2401 qua
1398 2343 1568 2386 Davides
1601 2342 1764 2385 Saulum

276 2426 628 2485 Jonassmnemque,
652 2427 757 2469 illum
781 2429 998 2478 inimicum,
1021 2428 1127 2469 hunc
1148 2430 1443 2479 amicissimum,
1466 2425 1762 2476 lamentabatur,

278 2525 327 2552 cx
358 2510 459 2552 libro
482 2511 700 2553 Jasharano
735 2511 979 2569 desumptam
1012 2527 1106 2554 esse.
1147 2511 1198 2554 Et
1229 2513 1261 2552 si
1283 2511 1519 2553 vocabulum
1551 2505 1672 2579 ΓἾΨΡτ
1691 2511 1764 2551 rite

277 2609 364 2636 sum
387 2597 664 2651 interpretatus
690 2594 743 2650 (v.
762 2610 881 2653 supra
903 2593 1071 2654 p.246)‚
1096 2594 1219 2637 edixit
1231 2592 1400 2636 Davidcs
1422 2609 1493 2636 rex
1514 2602 1560 2636 ut
1571 2593 1765 2635 Israelitae

278 2678 513 2720 catervatim
551 2681 589 2720 in
624 2680 996 2737 congregationibus
1030 2681 1110 2721 suis
1143 2679 1245 2720 illam
1286 2680 1459 2721 naeniam
1502 2678 1762 2720 decantarent.

276 2761 379 2804 Num
401 2770 518 2819 putas
540 2762 623 2804 fieri
645 2778 775 2819 posse,
802 2771 848 2804 ut
869 2762 1027 2821 elegiam
1051 2765 1165 2805 istam
1189 2762 1436 2804 solummodo
1458 2761 1526 2804 tali
1548 2761 1765 2819 frequentia

276 2846 452 2887 iteratam
494 2846 695 2904 voluerit?
746 2830 886 2889 Nonne
927 2850 1062 2904 potius
1102 2849 1287 2889 victorias
1328 2861 1418 2888 suas
1464 2854 1503 2888 et
1544 2844 1763 2886 felicitatem

276 2928 385 2972 laetis
419 2932 560 2972 civium
595 2930 724 2973 choris
758 2930 1038 2974 demandaret?
1080 2930 1211 2985 Quum
1243 2933 1364 2988 igitur
1385 2937 1536 2973 constet
1567 2936 1763 2972 auctorem
