1867 3301
829 206 893 253 ‘27

117 348 324 404 cupatione
355 347 480 388 Mosis
516 344 691 400 (Denter.
722 345 893 393 XXXII,
926 344 1133 401 XXXIII),
1177 362 1275 405 quae
1316 350 1525 390 certissime
1558 350 1607 390 ad

115 431 369 472 Jasharanam
412 431 590 487 syllogen
628 429 849 471 referendae
883 439 994 480 sunt,
1038 446 1170 472 omnes
1204 430 1351 481 tribus,
1395 434 1506 488 quasi
1539 432 1607 473 ad—

115 514 193 555 huc
233 515 482 569 conjunctae,
532 513 788 563 inducantur,
832 514 990 554 collecta
1030 513 1146 555 suerit
1184 514 1430 572 Anthologia
1471 524 1606 556 nostra

115 606 203 638 ante
237 596 428 638 desectum
460 595 693 637 Jerobeami.

235 677 295 732 (3)
337 679 466 733 Quum
499 681 538 720 in
560 678 838 720 Benedictione
870 678 1007 719 Jacobi
1041 677 1156 731 (Gen.
1178 679 1325 730 XLIX,
1351 677 1394 733 5)
1428 690 1608 723 occurrat

116 762 304 805 Graecum
346 762 507 803 verbum
548 766 692 830 ripn
732 765 756 803 i.
789 778 820 804 e.
861 760 1074 816 μάχαιρα,
1118 777 1244 819 neque
1285 763 1325 804 id
1364 766 1606 806 innotescere

113 855 249 902 posset
282 854 368 886 ante
401 846 441 886 id
472 854 646 902 tempus,
685 860 763 902 quo
797 845 969 886 Davides
1002 860 1042 886 se
1077 844 1330 887 Cretensibus
1363 848 1607 903 stipulatori-

112 928 188 970 bus
221 931 490 970 circumcinxit
523 926 572 981 (2
606 928 710 971 Sam.
734 929 824 979 XV,
854 928 919 970 18.
960 928 1060 978 ΧΧ,
1086 927 1124 969 7.
1169 927 1189 970 1
1222 929 1319 986 Reg.
1350 930 1382 980 I,
1409 928 1483 979 38,
1508 928 1603 983 44),

113 1012 154 1053 id
187 1011 295 1068 quod
327 1012 376 1053 ad
407 1014 645 1068 posteriores
679 1015 786 1069 regni
810 1012 975 1053 Davidei
1008 1027 1132 1053 annos
1163 1021 1337 1068 spectare
1360 1012 1491 1064 debet,
1527 1014 1606 1055 col-

113 1096 225 1137 lectio
258 1095 476 1137 Jasharana
508 1096 556 1136 ad
588 1096 689 1137 idem
722 1096 819 1136 illud
850 1105 1004 1152 tempus
1037 1095 1297 1137 attribuamus
1330 1096 1429 1138 licet.

233 1176 293 1231 (4)
337 1178 466 1232 Quum
500 1180 777 1219 verisimillima
809 1179 883 1219 Ioci
918 1178 1083 1220 difficilis
1116 1181 1155 1220 in
1189 1179 1325 1220 eodem
1351 1178 1513 1221 Cantico
1547 1182 1606 1221 in-

112 1264 340 1318 terpretatio
373 1259 486 1314 (Gen.
510 1262 656 1311 XLIX,
687 1259 755 1313 lO)
790 1261 1064 1313 solomonem,
1099 1245 1272 1321 l'lb'ffiw,
1307 1272 1459 1304 curtata
1480 1263 1606 1305 forma

112 1327 265 1405 i‘l’l'lN’Lff',
309 1353 494 1402 tanquam
526 1348 687 1412 mmm
721 1343 823 1406 27³8
857 1343 896 1398 (1
922 1346 1092 1402 Paralip.
1115 1327 1249 1395 XXH,
1277 1344 1340 1399 9),
1374 1349 1603 1389 nominatim

113 1437 318 1485 agnoscat,
354 1428 429 1469 hoc
460 1431 547 1484 ipso
581 1410 767 1485 regnante
799 1431 944 1485 scripta
976 1429 1093 1470 suerit
1124 1432 1199 1471 ista
1231 1430 1432 1471 cantilena.

231 1508 292 1564 (5)
335 1510 465 1564 Quum
496 1511 594 1553 liber
625 1512 686 1553 ille
711 1513 933 1568 probitatis
965 1512 1012 1553 ab
1047 1528 1091 1554 eo
1124 1513 1294 1569 pendere
1328 1513 1466 1555 debeat
1496 1514 1604 1571 quod

111 1594 218 1635 Deus
249 1594 446 1636 Adamum
478 1597 659 1651 probum
699 1595 849 1645 fecerit,
893 1605 1009 1653 atque
1050 1596 1145 1637 haec
1177 1598 1228 1638 sit
1258 1599 1454 1653 ipsissima
1487 1597 1604 1639 Solo-

110 1680 238 1719 monis
271 1681 463 1720 sententia
496 1673 656 1732 (Eccles.
681 1680 770 1729 Vll,
796 1678 889 1732 30),
930 1689 1038 1735 patet
1070 1679 1323 1722 Solomonem
1357 1683 1602 1738 aptissimum

111 1760 194 1803 sore
227 1761 465 1804 collectionis
498 1764 611 1803 istius
645 1771 843 1804 auctorem
876 1763 936 1804 vel
969 1778 1184 1805 suasorem.

168 1851 171 1853 ’
232 1842 292 1898 (6)
332 1845 503 1886 Davides
536 1846 692 1903 subegit
722 1846 927 1888 Idumaeos
955 1845 998 1900 (2
1021 1846 1126 1888 Sam.
1145 1846 1250 1897 VIII,
1278 1845 1361 1900 14),
1396 1847 1465 1889 scd
1486 1846 1604 1890 Solo-

110 1943 224 1970 mone
256 1937 441 1986 regnante
473 1929 644 1971 Idumaei
684 1945 794 1971 suam
827 1927 1089 1984 αὗτονομίαν
1120 1930 1405 1987 recuperabant
1437 1928 1476 1983 (l
1503 1931 1601 1988 Reg.

110 2012 183 2061 XI,
213 2011 415 2065 15—22)‚
439 2012 479 2053 id
502 2013 611 2069 quod
632 2015 671 2054 in
693 2013 912 2055 Jasharano
936 2014 1171 2071 Fragmento
1196 2011 1310 2066 (Gen.
1333 2013 1502 2064 XXVII,
1527 2013 1601 2067 40)

112 2095 252 2136 diserte
284 2095 538 2151 significatur.
600 2096 706 2153 Ergo
740 2112 821 2138 non
853 2105 941 2138 ante
974 2096 1228 2140 Solomonem
1262 2106 1487 2155 compactus
1521 2106 1604 2140 erat

110 2181 182 2221 iste
214 2178 322 2219 liber.

229 2263 299 2303 llis
332 2264 385 2303 ita
417 2264 641 2303 constitutis
674 2262 780 2303 haud
814 2262 968 2304 difficile
1002 2265 1075 2306 erit
1102 2264 1234 2306 videre
1266 2264 1426 2306 ubinam
1458 2265 1603 2307 lateant

111 2346 271 2402 disjecta
309 2345 576 2402 Anthologiae
614 2346 853 2387 Jasharanae
902 2347 1092 2397 membra,
1143 2356 1260 2405 atque
1302 2363 1345 2389 ea
1384 2364 1523 2389 rursus
1562 2351 1601 2389 in

109 2432 319 2486 pristinum
361 2428 536 2470 ordinem
578 2445 727 2487 cogere.
799 2429 897 2471 Nam
944 2432 1091 2472 multos
1132 2430 1321 2473 habemus
1362 2434 1509 2473 itineris
1544 2434 1601 2473 in-

111 2512 234 2562 dices,
269 2515 336 2569 qui
368 2528 441 2554 nos
474 2528 496 2553 a
527 2515 591 2554 via
623 2514 813 2555 declinare
845 2530 926 2556 non
958 2517 1098 2556 sinent.
1153 2515 1327 2556 Primum
1361 2530 1400 2556 se
1432 2515 1603 2557 oss'erunt

109 2595 199 2636 libri
230 2598 343 2651 istius
375 2598 599 2653 inscriptio,
643 2606 681 2639 et
713 2598 940 2639 Solomonis
979 2601 1170 2640 sententia
1201 2598 1397 2640 Adamum
1430 2598 1601 2656 probum

111 2678 231 2720 fuisse
264 2678 418 2720 sactum.
471 2680 571 2723 Hinc
602 2684 884 2738 perspiciamus
918 2683 1022 2731 licet,
1065 2682 1169 2723 unde
1201 2681 1418 2723 Jasharana
1450 2683 1600 2740 sylloge

111 2764 264 2803 initium
306 2762 379 2803 sibi
426 2773 614 2814 sumeret,
664 2773 702 2805 et
742 2765 943 2822 quomodo
993 2765 1230 2822 singularem
1272 2766 1375 2807 illam
1413 2767 1600 2823 relligiosi

110 2846 248 2902 populi
281 2854 424 2887 sortem
457 2847 682 2889 exhibitura
714 2857 826 2891 esset..
888 2848 1056 2898 Deinde,
1092 2862 1212 2905 quum
1244 2849 1308 2891 lex
1339 2865 1360 2891 a
1393 2850 1476 2891 Deo
1511 2850 1601 2891 data

109 2943 179 2984 per
210 2928 361 2970 Moscm
395 2932 505 2986 quasi
539 2930 789 2973 fundamenta
819 2932 1055 2974 Israeliticae
1090 2934 1244 2987 pietatis
1276 2942 1314 2976 ct
1345 2933 1462 2975 officii
1495 2948 1600 2976 com-
