1867 3301
260 240 428 268 1²⁵.};V111.
904 238 910 241 ’
960 168 1152 241 29⁶3*

260 282 471 312 28³1n‚xxtl.

407 324 469 358 [ιι]
503 311 688 354 Hostium
720 311 815 353 mihi
846 310 1043 353 tradidisti
1079 310 1259 352 cervices.

501 395 681 437 Inimicos
714 410 820 437 meos
853 397 1010 452 penitus
1045 393 1283 435 exscindam.

407 490 470 526 [421
507 478 755 528 Clamabunt,
790 478 858 519 sed
890 493 970 519 non
1003 486 1062 519 est
1094 480 1161 534 qui
1195 492 1261 520 eos
1295 485 1434 527 servet,

502 562 568 604 Ad
599 562 791 603 Jehovam
823 561 1057 610 clamabunt,
1092 560 1162 602 sed
1191 576 1273 603 non
1304 561 1561 618 respondebit
1590 565 1667 607 Ille·

408 656 472 692 [43]
506 645 717 702 Dissipabo
751 660 831 695 cos,
865 654 910 687 ut
940 653 1080 686 ventus
1112 645 1326 701 pulverem,

506 729 627 783 Quasi
660 729 785 770 lutum
816 723 1037 785 platearum¹
1067 743 1133 769 eos
1168 728 1419 771 conculcabo.

406 821 470 859 [44]
506 812 572 854 Tu
603 827 663 854 me
695 828 717 853 a
748 811 882 854 litibus
913 812 1053 869 populi
1086 814 1159 853 mei
1192 811 1377 863 liberasti,

506 895 758 938 Constituisti
790 911 849 937 me
881 897 1097 952 principem
1130 897 1348 945 nationum,

504 980 684 1036 Populus
717 981 878 1036 ignotus
912 979 1006 1020 mihi
1039 980 1171 1027 servit,

409 1073 473 1110 [45]
506 1063 572 1105 Ad
604 1062 782 1104 auditum
813 1064 918 1104 auris
951 1062 1045 1103 mihi
1079 1060 1282 1103 obediunt.

505 1147 736 1203 Peregrinae
768 1154 903 1202 gentes
935 1145 1031 1187 mihi
1063 1144 1332 1195 blandiuntur,

408 1238 471 1278 [46]
502 1230 735 1287 Peregrinae
767 1237 901 1286 gentes
933 1231 1110 1286 vigorem
1142 1244 1257 1270 suum
1289 1237 1452 1280 exuunt,

504 1313 556 1356 Et
586 1312 751 1370 pavidae
784 1312 1039 1370 egrediuntur
1072 1328 1090 1354 e
1123 1312 1301 1354 claustris
1335 1315 1430 1354 suis.
1468 1338 1515 1345 —

931 1407 1046 1440 Strophe
1068 1405 1095 1435 7.

409 1488 473 1527 [47]
507 1478 661 1521 Jehova
693 1478 810 1521 vivit!
845 1488 883 1521 et
915 1479 1096 1521 laudetur
1128 1486 1240 1535 petra
1269 1479 1374 1521 mea!

505 1563 732 1604 Extollatur
763 1563 884 1613 Deus,
920 1563 1056 1604 salutis
1091 1578 1194 1604 meae
1228 1571 1377 1605 auctor.

407 1657 471 1693 [48]
505 1647 577 1688 Hic
609 1655 668 1689 est
698 1646 760 1687 ille
792 1646 912 1696 Deus,
947 1648 1015 1703 qui
1046 1646 1140 1687 mihi
1173 1646 1333 1688 ultionis
1359 1647 1428 1703 jus
1462 1647 1652 1698 concedit,

506 1729 727 1786 Gentesque
760 1729 855 1771 mihi
887 1728 1047 1786 subigit,

411 1823 474 1859 [49]
510 1812 587 1867 Qui
618 1828 677 1854 me
710 1812 893 1855 hostibus
926 1814 1020 1854 meis
1054 1813 1180 1869 eripit,

503 1896 568 1939 Ab
603 1896 836 1938 adversariis
869 1895 1053 1946 vindicat,

503 1980 568 2021 Ab
600 1981 758 2021 homine
792 1980 938 2022 crudeli
971 1979 1122 2021 liberat.

409 2073 471 2112 [50]
504 2063 720 2120 Propterea
752 2063 955 2105 celebrabo
989 2072 1026 2105 te
1058 2066 1159 2105 inter
1189 2071 1337 2121 gentes,
1371 2063 1542 2106 Jehova!

507 2148 601 2189 Tibi
632 2150 801 2189 carmina
833 2162 979 2197 canam,

407 2239 470 2277 [51]
508 2230 583 2284 Qui
617 2246 736 2288 auges
769 2230 989 2272 felicitatem
1021 2232 1123 2287 regis
1155 2232 1227 2281 tui,

507 2313 583 2368 Qui
613 2314 853 2370 benignitate
887 2313 996 2354 foves
1030 2322 1191 2355 unctum
1223 2322 1349 2363 tuum,

503 2396 694 2438 Davidem
727 2405 765 2438 et
795 2405 977 2454 posteros
1011 2397 1094 2452 ejus
1126 2399 1167 2438 in
1198 2405 1409 2439 aeternum,
