1867 3301
950 174 1051 221 344
1113 240 1139 245 ,-

254 315 340 358 Jam
371 329 466 357 vero
507 316 653 371 optime
692 322 826 356 monet
855 298 1066 356 Lowthi'us
1101 309 1164 366 (de
1197 328 1305 357 sacra
1336 318 1448 373 poesi
1479 315 1749 360 Hebraeorum

255 415 294 456 p.
319 396 413 452 56):
447 402 571 468 »ΓἻΞΕ
592 402 708 456 UTI,
732 396 836 455 fera
858 397 1084 451 arundinis,
1113 406 1172 440 est
1191 398 1431 455 periphrasis
1454 399 1593 454 leonis,
1627 415 1749 458 eaque

256 483 410 524 minime
453 481 622 523 obscura
660 484 692 522 si
725 482 808 537 ejus
841 483 1032 522 rationem
1065 481 1313 523 attendimus.
1377 483 1528 524 Leones
1561 485 1601 525 in
1632 498 1751 526 arun-

257 566 396 607 dinetis
420 568 586 607 maxime
608 565 733 606 lustra
756 563 898 605 habere
921 564 1059 605 solent.
1102 564 1296 606 Ammian.
1314 565 1527 607 Marcellin.
1546 566 1684 617 XVIII,
1703 566 1749 610 7:

256 650 362 691 inter
394 649 643 691 arundineta
663 648 990 705 llsesopotamiae
1010 645 1237 705 fluminum
1262 655 1299 690 et
1318 648 1503 705 frutecta
1524 650 1658 691 leones
1678 665 1749 692 va-

253 739 407 790 ρωπίαν
437 733 653 774 innumeri.
699 732 743 773 Id
775 732 872 773 adeo
906 727 1090 772 familiare
1123 741 1205 773 erat
1234 732 1448 783 Arabibus,
1483 742 1527 774 ut
1559 734 1751 790 peculiare

256 815 427 857 habeant
458 816 694 858 vocabulum
726 831 798 872 pro
831 816 955 858 leonis
988 816 1114 857 lustro
1149 830 1269 872 quum
1301 818 1339 857 in
1363 816 1595 858 arundineto
1619 816 1748 860 cubat.

255 899 442 942 Bochart.
465 899 624 941 Hieroz.
647 915 732 956 par.
755 900 788 949 I,
824 900 889 941 lib.
912 899 972 940 ΙΙΙ.
1005 915 1035 941 c.
1060 900 1098 941 2.
1147 899 1242 941 Erat
1272 908 1400 940 autem
1423 900 1614 941 Jordanes
1639 915 1752 957 prae-

258 985 370 1041 cipue
402 983 566 1025 infestus
599 982 793 1033 leonibus,
833 985 900 1039 qui
933 985 971 1024 in
1006 983 1134 1024 densis
1166 985 1341 1039 riparum
1373 982 1633 1024 arundinibus
1665 983 1752 1025 lati--

256 1067 406 1110 tabant.
468 1067 611 1108 Joann.
634 1066 802 1107 Phocas.
826 1066 959 1107 Descr.
982 1067 1075 1109 Loe.
1101 1065 1232 1108 Sanct.
1268 1082 1298 1107 c.
1321 1066 1461 1108 XXIII.
1503 1066 1604 1108 Vide
1637 1069 1751 1109 etiam

255 1151 492 1194 Maundrell.
525 1151 613 1192 Itin.
666 1150 932 1207 Hieronymus
962 1150 1095 1192 itidem
1127 1147 1192 1203 (ad
1214 1150 1330 1191 Zech.
1353 1150 1428 1201 XI,
1454 1148 1517 1203 3):
1556 1150 1749 1206 Jordani,

257 1237 405 1292 inquit,
428 1232 577 1293 fluvio,
612 1234 684 1291 qui
713 1235 917 1275 maximus
947 1235 991 1275 in
1012 1234 1178 1275 Judaea
1201 1241 1275 1288 est,
1298 1236 1425 1289 juxta
1446 1249 1564 1291 quem
1585 1249 1751 1276 moran-

257 1326 324 1361 tur
355 1319 501 1373 leones,
526 1316 746 1375 fremitum
764 1318 910 1373 junxit
939 1318 1121 1371 leonum,
1156 1298 1333 1374 prepter
1364 1318 1555 1359 ardorem
1584 1319 1682 1372 sitis,
1717 1325 1754 1361 et

259 1403 308 1445 ob
340 1402 489 1444 deserti
517 1402 730 1456 viciniam,
776 1408 814 1443 et
843 1401 1100 1443 latitudinem
1130 1409 1268 1443 vastae
1298 1401 1528 1443 solitudinis
1559 1408 1596 1443 et
1627 1417 1751 1443 arun-

258 1486 397 1528 dineta
430 1491 469 1527 et
498 1492 670 1527 carecta.
729 1485 830 1526 Hine
862 1485 969 1542 apud
998 1485 1203 1527 Jeremiam
1224 1485 1290 1535 IV,
1315 1485 1339 1527 7
1374 1485 1433 1526 leo
1468 1486 1578 1527 exire
1610 1484 1752 1527 dieitur

258 1565 454 1630 ³:230&
503 1583 550 1610 ex
598 1569 724 1610 lustro
763 1583 836 1609 suo
879 1569 1082 1624 perplexo
1091 1585 1107 1623 ,-
1156 1577 1194 1610 et
1229 1568 1379 1618 XLIX,
1415 1567 1488 1618 19,
1535 1569 1753 1611 ascendere

258 1657 398 1722 '‘TW-T]
451 1656 590 1717 ῘἾΝΞΙὨ
645 1666 692 1692 ex
744 1652 970 1693 immdante
1015 1650 1242 1693 Jordane.«
1319 1654 1390 1692 Per
1438 1658 1578 1693 tauros
1624 1660 1753 1694 autem

259 1733 519 1798 (DN-1⁸23),
570 1735 714 1776 seilicet
741 1734 909 1792 feroces
946 1735 1038 1776 illos
1078 1734 1337 1776 Basanitidis
1376 1734 1547 1791 buffelos
1587 1731 1751 1786 (Psalm.

259 1819 391 1870 XXII,
419 1816 502 1872 13),
538 1834 624 1860 cum
645 1818 946 1860 Rosenmiillero
979 1817 1152 1874 intelligo
1180 1818 1312 1870 duces,
1346 1832 1416 1873 per
1446 1817 1591 1858 vitulos
1613 1833 1753 1874 popu-

260 1903 394 1945 lorum
427 1900 581 1964 (057232'
614 1885 752 1962 4239)
785 1901 959 1958 intelligo
1000 1901 1146 1942 milites
1175 1901 1496 1957 pereyrinarum
1528 1901 1752 1942 nationum.

259 1986 311 2029 Et
357 2001 478 2044 quum
526 1963 750 2028 leones'ad
792 1984 949 2042 Syriam
988 1993 1161 2040 spectare
1200 1983 1429 2034 videantur,
1479 1984 1590 2026 tauri
1625 1992 1754 2026 autem

261 2070 311 2112 ad
357 2071 563 2127 proximos
610 2068 944 2126 transjordanicae
996 2070 1168 2125 regionis
1216 2082 1398 2125 campos,
1452 2075 1549 2124 puto
1596 2076 1754 2124 poetam

261 2162 441 2196 nostrum
471 2153 607 2194 bellica
638 2153 809 2210 pericula
842 2152 931 2193 inde
963 2153 1201 2193 imminentia
1229 2151 1464 2208 providisse.
1510 2150 1608 2192 Nam
1632 2165 1755 2207 quum

259 2237 433 2279 Davides
466 2237 603 2277 ultimo
639 2236 746 2293 quod
779 2235 939 2293 gerebat
959 2235 1060 2276 bello
1085 2237 1179 2276 istas
1202 2236 1380 2276 nationes
1405 2234 1628 2285 devicisset,
1661 2242 1755 2290 post

263 2320 518 2363 Solomonem
557 2327 686 2361 autem
724 2319 801 2362 fere
833 2328 1024 2376 perpetua
1056 2327 1184 2361 essent
1214 2319 1395 2360 Israelitis
1429 2333 1516 2359 eum
1546 2318 1751 2369 Idumaeis,

263 2403 398 2461 SyriS‚
438 2403 706 2460 Moabitisque
739 2400 811 2453 (cf.
843 2401 861 2444 1
887 2403 985 2459 Reg.
1008 2401 1083 2452 XI,
1113 2399 1186 2451 14,
1218 2401 1295 2452 23,
1338 2402 1364 2444 2
1391 2401 1489 2458 Reg.
1520 2401 1556 2451 I,
1586 2401 1651 2450 III,
1677 2397 1751 2453 VI)

263 2488 444 2538 hostilia,
478 2488 576 2529 nihil
607 2487 743 2528 melius
776 2501 849 2543 pro
874 2486 1007 2527 futura
1028 2487 1138 2542 regni
1161 2485 1284 2526 salute
1306 2487 1455 2541 precari
1476 2486 1609 2541 potuit
1630 2492 1751 2535 vates,

263 2586 379 2629 quam
412 2579 458 2612 ut
479 2571 584 2613 Deus
616 2571 851 2627 increparet
880 2570 941 2611 vel
973 2575 1241 2626 compesceret
1270 2568 1343 2609 hos
1370 2582 1531 2624 magnae
1556 2569 1753 2624 potentiae

265 2663 303 2696 et
333 2654 474 2695 infensi
507 2656 623 2695 animi
655 2654 849 2710 populos,
895 2654 962 2710 qui
993 2652 1093 2694 bella
1125 2651 1356 2708 diligebant,
1397 2653 1451 2692 ita
1482 2659 1527 2692 ut
1558 2651 1752 2708 supplices

264 2753 351 2780 cum
390 2738 570 2779 massulis
613 2739 763 2794 argenti
803 2736 853 2778 ad
891 2735 1040 2777 tributa
1079 2734 1284 2792 pendenda
1325 2737 1510 2776 venirent.
1575 2733 1752 2775 Seriores

262 2822 500 2879 prophetae,
535 2823 602 2878 qui
631 2821 725 2863 haee
754 2821 854 2861 mala
874 2835 955 2861 non
978 2827 1142 2861 ventura
1163 2817 1410 2868 verebantur,
1445 2817 1513 2859 sed
1534 2818 1752 2873 praesentia

264 2904 469 2963 lugebant,
512 2904 643 2947 eadem
684 2906 849 2961 imagine
891 2903 940 2945 ad
976 2904 1110 2946 hostes
1145 2901 1412 2959 depingendos
1444 2908 1622 2944 utuntur.
1686 2898 1752 2942 Sic
