1867 3301
878 173 1067 244 ι,266

273 329 347 371 que
378 299 481 355 illa-m
513 313 610 356 adeo
643 312 834 355 imbellem
867 322 1103 355 armaturam
1131 340 1178 345 —
1205 317 1244 356 in
1276 314 1454 357 manibus
1487 314 1761 373 portarent¹)?

269 398 403 454 Itaque
440 406 564 439 totam
603 399 865 439 narrationem
905 399 999 438 satis
1039 397 1277 439 enucleatam
1309 398 1507 450 videmus,
1551 402 1584 441 si
1615 401 1675 442 vel
1712 401 1761 443 ad

272 482 408 538 oppidi
448 481 620 523 Sisranei
667 496 810 522 nomen
850 483 942 522 satis
984 483 1156 522 animum
1194 482 1443 524 attendimus.
1501 483 1760 541 Lignatorum

270 565 488 622 praefectus
528 573 644 622 atque
687 564 998 614 administrator,
1041 565 1150 622 quod
1189 581 1302 622 saepe
1340 567 1404 616 fit,
1445 582 1467 607 a
1498 566 1759 624 lignatoribus

272 652 366 699 suis,
401 650 467 706 qui
501 664 539 691 se
571 663 644 705 pro
677 663 718 690 re
750 657 840 690 nata
870 648 1120 705 bipennibus,
1156 651 1281 699 asciis,
1316 658 1353 690 et
1383 649 1555 692 dolabris
1587 665 1761 692 armave-

271 742 377 783 rant,
418 733 592 774 devictus
626 740 705 781 est,
740 740 778 774 et
808 731 960 789 fugiens
993 724 1249 774 miserabilem
1281 733 1565 790 ingloriamque
1596 743 1761 776 mortem

273 816 468 858 occubuit.
509 816 552 858 Id
574 817 718 858 scilicet
740 816 963 857 decreverat
982 815 1147 866 Jehova,
1175 819 1241 872 qui
1264 816 1378 857 fidem
1401 831 1562 858 suorum
1585 820 1760 874 praemio

273 909 455 950 coronat,
501 903 567 957 qui
607 902 685 940 imo
720 899 766 940 de
804 899 930 956 gradu
961 899 1064 941 tollit
1099 899 1285 948 humiles,
1328 898 1520 956 superbos
1554 909 1682 942 autem
1714 900 1760 943 de

273 999 423 1026 summa
455 983 544 1026 sede
578 983 752 1039 deponit.

388 1067 431 1107 ΙΙ.
475 1067 531 1108 De
560 1066 813 1123 prophetissa
834 1067 919 1122 ipsa
941 1067 1110 1121 primum
1133 1074 1191 1106 cst
1213 1065 1524 1116 observandum,
1559 1081 1641 1108 eam
1663 1069 1762 1109 anti-

272 1154 527 1208 quioremque
560 1149 777 1199 Dehoram,
815 1148 1011 1190 Rebeccae
1042 1151 1253 1199 nutricem,
1293 1149 1394 1190 idem
1427 1165 1569 1192 nomen
1601 1150 1760 1192 eandem

272 1235 400 1276 sedem
432 1234 631 1275 habuisse.
680 1232 778 1274 Nam
812 1232 921 1289 quod
942 1241 1056 1274 vetus
1078 1233 1143 1274 illa
1165 1233 1237 1274 sub
1262 1248 1413 1289 quercu
1436 1234 1589 1290 sepulta
1610 1233 1759 1284 fuisset,

273 1334 371 1376 quae
409 1327 620 1375 propterea
652 1332 846 1374 »quercus
879 1317 1033 1358 luctus«
1067 1325 1168 1358 esset
1200 1325 1339 1357 vocata
1371 1314 1483 1369 (Gen.
1506 1316 1678 1367 XXXV,
1701 1314 1759 1371 8),

271 1404 366 1444 haec
405 1410 532 1443 autem
568 1410 703 1442 nostra
728 1401 796 1456 jus
830 1400 974 1441 diceret
1005 1399 1078 1440 sub
1105 1400 1274 1455 palma,
1317 1415 1416 1457 quae
1448 1403 1573 1457 ipsius
1605 1403 1762 1442 nomine

272 1486 534 1543 appellaretur
567 1481 674 1537 (Jud.
697 1484 763 1533 IV,
787 1483 828 1534 4,
853 1481 910 1537 5),
944 1483 1138 1525 tantillum
1167 1483 1208 1524 id
1231 1483 1511 1540 discrepantiae
1533 1498 1647 1526 nemo
1670 1499 1762 1526 sane

271 1569 441 1627 urgebit.
488 1569 592 1610 Inter
613 1568 775 1609 Ramam
807 1569 929 1623 igitur
960 1576 997 1608 et
1018 1566 1214 1608 Bethelem
1249 1567 1296 1608 ab
1329 1569 1610 1624 antiquissimis
1636 1583 1763 1625 usque

272 1652 514 1710 temporibus
548 1654 586 1693 in
618 1652 770 1692 honore
803 1649 877 1691 fuit
899 1650 1077 1691 Deborae
1111 1659 1148 1691 et
1170 1665 1311 1692 nomen
1335 1659 1372 1692 et
1393 1650 1523 1692 arbor.
1569 1651 1762 1708 Equidem

274 1740 416 1794 opinor
447 1750 590 1777 nomen
622 1734 719 1775 illud
750 1734 1026 1791 appellativum
1066 1736 1201 1790 potius
1234 1733 1354 1775 fuisse
1387 1749 1502 1790 quam
1534 1737 1760 1791 proprium:

273 1830 310 1863 et
340 1821 506 1862 fortasse
538 1819 586 1860 ab
621 1818 803 1860 omnibus
835 1817 1097 1874 prophetissis
1129 1817 1416 1874 usurpabatur,
1457 1833 1556 1874 quae
1588 1818 1634 1859 de
1665 1827 1763 1859 tem-

271 1920 368 1963 pore
407 1906 446 1945 in
485 1912 640 1959 tempus
683 1902 756 1944 suh
797 1902 861 1943 illa
901 1901 1042 1943 arbore
1081 1902 1141 1943 vel
1175 1902 1242 1956 jus
1283 1901 1454 1942 dicerent
1493 1902 1552 1942 vel
1587 1900 1761 1943 Jehovae

274 1989 430 2030 oracula
470 1989 789 2043 pronunciarent.
853 1980 1014 2052 ΓἹἾΤἻΞἾ
1061 1986 1161 2026 enim
1202 1993 1261 2026 est
1300 1985 1409 2041 apis,
1456 1983 1653 2039 μέλισσα,
1701 1985 1761 2026 vel

274 2087 416 2128 vespa,
460 2071 584 2125 σφήξ.
646 2070 767 2126 Apud
801 2078 948 2110 veteres
982 2068 1139 2125 quidem
1171 2067 1393 2125 Aegyptios
1426 2069 1517 2124 apis
1547 2069 1606 2110 vel
1638 2083 1762 2125 vespa

273 2154 517 2212 significabat
555 2169 747 2210 reynum:
787 2155 888 2194 inter
921 2152 1091 2194 Graecos
1131 2161 1259 2194 autem
1296 2151 1493 2207 μελίσσης
1529 2166 1670 2194 nomen
1702 2154 1762 2193 in-

267 2238 509 2295 jungebatur
530 2253 611 2278 non
631 2237 750 2278 modo
774 2238 900 2293 poetis
924 2237 1165 2292 poetriisque
1188 2237 1455 2285 communiter,
1489 2250 1624 2276 verum
1647 2238 1760 2277 ctiam

273 2320 543 2364 sacerdotibus
574 2321 740 2377 Magnae
772 2320 932 2368 Matris,
967 2328 1005 2360 et
1028 2319 1119 2360 Vati
1152 2319 1607 2375 Delphicaespeciatim.
1661 2318 1761 2360 Hinc

271 2406 465 2447 Pindarus
499 2404 545 2446 dc
578 2404 737 2446 oraculo
772 2402 987 2459 Cyrenaico
1021 2404 1075 2443 ita
1106 2402 1303 2458 loquitur:

375 2632 399 2675 ¹)
442 2629 635 2664 Curandum
661 2628 826 2673 imprimis
852 2637 893 2661 ne
919 2637 1039 2673 magna
1064 2624 1187 2669 injuria
1212 2624 1269 2658 fiat

438 2700 600 2735 Fortibus
628 2705 660 2733 ct
685 2700 836 2733 miseris:
865 2697 964 2732 tollas
991 2696 1068 2731 licet
1093 2707 1190 2730 omne
1218 2695 1309 2741 quod
1337 2706 1479 2741 usquam
1507 2701 1558 2730 cst

439 2772 522 2806 Auri
550 2776 649 2816 atquc
676 2771 823 2818 argenti,
851 2775 983 2804 scutum
1010 2767 1228 2815 gladiumque
1253 2766 1425 2812 relinques

438 2842 483 2877 Et
502 2841 615 2887 jacula
641 2847 673 2876 et
698 2841 846 2889 galeam3
872 2840 1026 2887 spoliatis
1053 2851 1142 2875 arma
1169 2843 1365 2885 supersunt.

1290 2910 1371 2944 Juv.
1388 2907 1484 2950 vill,
1506 2905 1567 2942 121
1590 2918 1664 2952 sqq.
