<?xml version="1.0" encoding="UTF-8"?>
<!DOCTYPE html PUBLIC "-//W3C//DTD XHTML 1.0 Transitional//EN"
    "http://www.w3.org/TR/xhtml1/DTD/xhtml1-transitional.dtd">
<html xmlns="http://www.w3.org/1999/xhtml" xml:lang="en" lang="en">
 <head>
  <title>
</title>
<meta http-equiv="Content-Type" content="text/html;charset=utf-8" />
  <meta name='ocr-system' content='tesseract 3.04.00' />
  <meta name='ocr-capabilities' content='ocr_page ocr_carea ocr_par ocr_line ocrx_word'/>
</head>
<body>
  <div class='ocr_page' id='page_1' title='image "./jasharfragmentaa00dona_0019.png"; bbox 0 0 1867 3301; ppageno 0'>
   <div class='ocr_carea' id='block_1_1' title="bbox 836 199 921 230">
    <p class='ocr_par' dir='ltr' id='par_1_1' title="bbox 836 199 921 230">
     <span class='ocr_line' id='line_1_1' title="bbox 836 199 921 230; baseline 0.012 -1"><span class='ocrx_word' id='word_1_1' title='bbox 836 199 921 230; x_wconf 82' lang='lat' dir='ltr'>Xlll</span> 
     </span>
    </p>
   </div>
   <div class='ocr_carea' id='block_1_2' title="bbox 845 252 1016 257">
    <p class='ocr_par' dir='ltr' id='par_1_2' title="bbox 845 252 1016 257">
     <span class='ocr_line' id='line_1_2' title="bbox 845 252 1016 257; baseline 0 0"><span class='ocrx_word' id='word_1_2' title='bbox 845 252 1016 257; x_wconf 95' lang='lat' dir='ltr'> </span> 
     </span>
    </p>
   </div>
   <div class='ocr_carea' id='block_1_3' title="bbox 569 393 1188 437">
    <p class='ocr_par' dir='ltr' id='par_1_3' title="bbox 569 393 1188 437">
     <span class='ocr_line' id='line_1_3' title="bbox 569 393 1188 437; baseline -0.005 0"><span class='ocrx_word' id='word_1_3' title='bbox 569 393 1188 437; x_wconf 84' lang='lat' dir='ltr'><strong>COMMENTARIUS.</strong></span> 
     </span>
    </p>
   </div>
   <div class='ocr_carea' id='block_1_4' title="bbox 619 515 1130 554">
    <p class='ocr_par' dir='ltr' id='par_1_4' title="bbox 619 515 1130 554">
     <span class='ocr_line' id='line_1_4' title="bbox 619 515 1130 554; baseline -0.004 -1"><span class='ocrx_word' id='word_1_4' title='bbox 619 516 666 553; x_wconf 85' lang='grc' dir='ltr'>ΙΝ</span> <span class='ocrx_word' id='word_1_5' title='bbox 697 516 901 554; x_wconf 85' lang='lat' dir='ltr'><strong>PARTEM</strong></span> <span class='ocrx_word' id='word_1_6' title='bbox 932 515 1130 554; x_wconf 75' lang='lat' dir='ltr'>PRlMAM.</span> 
     </span>
    </p>
   </div>
   <div class='ocr_carea' id='block_1_5' title="bbox 130 605 1532 654">
    <p class='ocr_par' dir='ltr' id='par_1_5' title="bbox 130 605 1532 654">
     <span class='ocr_line' id='line_1_5' title="bbox 130 605 1532 654; baseline -0.002 -10"><span class='ocrx_word' id='word_1_7' title='bbox 130 610 295 646; x_wconf 83' lang='lat' dir='ltr'>Universa</span> <span class='ocrx_word' id='word_1_8' title='bbox 327 610 508 654; x_wconf 82' lang='lat' dir='ltr'>utriusque</span> <span class='ocrx_word' id='word_1_9' title='bbox 539 608 732 654; x_wconf 76' lang='lat' dir='ltr'>Fragmenli</span> <span class='ocrx_word' id='word_1_10' title='bbox 766 606 986 654; x_wconf 81' lang='lat' dir='ltr'>significati03</span> <span class='ocrx_word' id='word_1_11' title='bbox 1024 616 1176 641; x_wconf 78' lang='lat' dir='ltr'>carnem</span> <span class='ocrx_word' id='word_1_12' title='bbox 1212 605 1332 641; x_wconf 85' lang='lat' dir='ltr'>habere</span> <span class='ocrx_word' id='word_1_13' title='bbox 1368 609 1532 642; x_wconf 85' lang='lat' dir='ltr'>rationem</span> 
     </span>
    </p>
   </div>
   <div class='ocr_carea' id='block_1_6' title="bbox 1552 555 1626 576">
    <p class='ocr_par' dir='ltr' id='par_1_6' title="bbox 1552 555 1626 576">
     <span class='ocr_line' id='line_1_6' title="bbox 1552 555 1626 576; baseline 0 0"><span class='ocrx_word' id='word_1_14' title='bbox 1552 555 1626 576; x_wconf 53' lang='lat' dir='ltr'>PAtt.</span> 
     </span>
    </p>
   </div>
   <div class='ocr_carea' id='block_1_7' title="bbox 60 677 1628 1081">
    <p class='ocr_par' dir='ltr' id='par_1_7' title="bbox 128 677 1628 798">
     <span class='ocr_line' id='line_1_7' title="bbox 177 677 1625 726; baseline 0 -12"><span class='ocrx_word' id='word_1_15' title='bbox 177 681 319 726; x_wconf 86' lang='lat' dir='ltr'>peccati,</span> <span class='ocrx_word' id='word_1_16' title='bbox 347 685 379 714; x_wconf 87' lang='lat' dir='ltr'>et</span> <span class='ocrx_word' id='word_1_17' title='bbox 404 691 592 726; x_wconf 87' lang='lat' dir='ltr'>repugnare</span> <span class='ocrx_word' id='word_1_18' title='bbox 617 682 786 723; x_wconf 75' lang='lat' dir='ltr'>spiritui,</span> <span class='ocrx_word' id='word_1_19' title='bbox 814 679 872 724; x_wconf 90' lang='lat' dir='ltr'>qui</span> <span class='ocrx_word' id='word_1_20' title='bbox 899 678 940 712; x_wconf 88' lang='lat' dir='ltr'>ad</span> <span class='ocrx_word' id='word_1_21' title='bbox 967 677 1251 712; x_wconf 78' lang='lat' dir='ltr'>immortalitatem</span> <span class='ocrx_word' id='word_1_22' title='bbox 1281 678 1445 712; x_wconf 87' lang='lat' dir='ltr'>conducat</span> <span class='ocrx_word' id='word_1_23' title='bbox 1467 706 1474 712; x_wconf 91' lang='lat'><strong>.</strong></span> <span class='ocrx_word' id='word_1_24' title='bbox 1525 706 1531 712; x_wconf 88' lang='lat'>.</span> <span class='ocrx_word' id='word_1_25' title='bbox 1582 678 1625 714; x_wconf 79' lang='lat'>41</span> 
     </span>
     <span class='ocr_line' id='line_1_8' title="bbox 128 749 1628 798; baseline -0.002 -11"><span class='ocrx_word' id='word_1_26' title='bbox 128 751 340 798; x_wconf 86' lang='lat' dir='ltr'>Explanatur</span> <span class='ocrx_word' id='word_1_27' title='bbox 367 751 529 793; x_wconf 89' lang='lat' dir='ltr'>Gen.VI‚</span> <span class='ocrx_word' id='word_1_28' title='bbox 548 749 569 785; x_wconf 87' lang='lat'>3</span> <span class='ocrx_word' id='word_1_29' title='bbox 592 776 1530 783; x_wconf 82' lang='lat'>.................</span> <span class='ocrx_word' id='word_1_30' title='bbox 1582 749 1628 784; x_wconf 81' lang='grc'>42</span> 
     </span>
    </p>

    <p class='ocr_par' dir='ltr' id='par_1_8' title="bbox 60 819 1628 1081">
     <span class='ocr_line' id='line_1_9' title="bbox 60 819 1531 867; baseline -0.003 -9"><span class='ocrx_word' id='word_1_31' title='bbox 60 857 62 866; x_wconf 77' lang='grc'><em>,</em></span> <span class='ocrx_word' id='word_1_32' title='bbox 128 824 358 858; x_wconf 84' lang='lat' dir='ltr'>Vexalissima</span> <span class='ocrx_word' id='word_1_33' title='bbox 393 821 465 858; x_wconf 88' lang='lat' dir='ltr'>S.S.</span> <span class='ocrx_word' id='word_1_34' title='bbox 494 823 606 856; x_wconf 86' lang='lat' dir='ltr'>citatio</span> <span class='ocrx_word' id='word_1_35' title='bbox 640 822 729 867; x_wconf 89' lang='lat' dir='ltr'>apud</span> <span class='ocrx_word' id='word_1_36' title='bbox 764 821 801 855; x_wconf 88' lang='lat' dir='ltr'>D.</span> <span class='ocrx_word' id='word_1_37' title='bbox 827 821 994 856; x_wconf 65' lang='lat' dir='ltr'>[Iacobum</span> <span class='ocrx_word' id='word_1_38' title='bbox 1022 821 1081 862; x_wconf 80' lang='lat' dir='ltr'>IV,</span> <span class='ocrx_word' id='word_1_39' title='bbox 1104 819 1124 855; x_wconf 88' lang='lat'>5</span> <span class='ocrx_word' id='word_1_40' title='bbox 1153 832 1192 855; x_wconf 86' lang='lat' dir='ltr'>ex</span> <span class='ocrx_word' id='word_1_41' title='bbox 1227 821 1290 855; x_wconf 91' lang='lat' dir='ltr'>hoc</span> <span class='ocrx_word' id='word_1_42' title='bbox 1322 820 1397 855; x_wconf 92' lang='lat' dir='ltr'>loco</span> <span class='ocrx_word' id='word_1_43' title='bbox 1432 821 1531 855; x_wconf 86' lang='lat' dir='ltr'>refin-</span> 
     </span>
     <span class='ocr_line' id='line_1_10' title="bbox 176 892 1628 942; baseline -0.001 -14"><span class='ocrx_word' id='word_1_44' title='bbox 176 893 285 942; x_wconf 81' lang='lat' dir='ltr'>genda</span> <span class='ocrx_word' id='word_1_45' title='bbox 311 899 363 928; x_wconf 86' lang='lat' dir='ltr'>est</span> <span class='ocrx_word' id='word_1_46' title='bbox 421 919 1532 927; x_wconf 85' lang='grc'>....................</span> <span class='ocrx_word' id='word_1_47' title='bbox 1581 892 1628 927; x_wconf 88' lang='grc'>44</span> 
     </span>
     <span class='ocr_line' id='line_1_11' title="bbox 131 963 1626 1009; baseline -0.001 -9"><span class='ocrx_word' id='word_1_48' title='bbox 131 966 301 1009; x_wconf 76' lang='lat' dir='ltr'><strong>Quaenam</strong></span> <span class='ocrx_word' id='word_1_49' title='bbox 326 965 454 1000; x_wconf 86' lang='lat' dir='ltr'>fuerint</span> <span class='ocrx_word' id='word_1_50' title='bbox 479 964 564 998; x_wconf 86' lang='lat' dir='ltr'>duae</span> <span class='ocrx_word' id='word_1_51' title='bbox 591 963 730 999; x_wconf 92' lang='lat' dir='ltr'>arbores</span> <span class='ocrx_word' id='word_1_52' title='bbox 758 965 792 998; x_wconf 90' lang='lat' dir='ltr'>in</span> <span class='ocrx_word' id='word_1_53' title='bbox 819 964 929 998; x_wconf 88' lang='lat' dir='ltr'>medio</span> <span class='ocrx_word' id='word_1_54' title='bbox 958 963 1085 998; x_wconf 80' lang='lat' dir='ltr'>horto?</span> <span class='ocrx_word' id='word_1_55' title='bbox 1120 989 1531 997; x_wconf 91' lang='grc'><strong>........</strong></span> <span class='ocrx_word' id='word_1_56' title='bbox 1581 963 1626 998; x_wconf 87' lang='lat'>45</span> 
     </span>
     <span class='ocr_line' id='line_1_12' title="bbox 132 1024 1626 1081; baseline -0.001 -10"><span class='ocrx_word' id='word_1_57' title='bbox 132 1037 307 1072; x_wconf 86' lang='lat' dir='ltr'>Scortatus</span> <span class='ocrx_word' id='word_1_58' title='bbox 335 1041 368 1070; x_wconf 82' lang='lat' dir='ltr'>et</span> <span class='ocrx_word' id='word_1_59' title='bbox 392 1034 586 1070; x_wconf 87' lang='lat' dir='ltr'>idololatria</span> <span class='ocrx_word' id='word_1_60' title='bbox 613 1024 759 1080; x_wconf 62' lang='lat' dir='ltr'>quonam</span> <span class='ocrx_word' id='word_1_61' title='bbox 786 1041 881 1081; x_wconf 83' lang='lat' dir='ltr'>pacto</span> <span class='ocrx_word' id='word_1_62' title='bbox 909 1037 998 1069; x_wconf 82' lang='lat' dir='ltr'>iuter</span> <span class='ocrx_word' id='word_1_63' title='bbox 1023 1046 1058 1069; x_wconf 89' lang='lat' dir='ltr'>se</span> <span class='ocrx_word' id='word_1_64' title='bbox 1085 1034 1298 1081; x_wconf 72' lang='lat' dir='ltr'>congruant?</span> <span class='ocrx_word' id='word_1_65' title='bbox 1349 1061 1356 1068; x_wconf 92' lang='lat'><strong>.</strong></span> <span class='ocrx_word' id='word_1_66' title='bbox 1408 1060 1414 1067; x_wconf 80' lang='grc'><strong>.</strong></span> <span class='ocrx_word' id='word_1_67' title='bbox 1466 1060 1473 1068; x_wconf 92' lang='grc'><strong>.</strong></span> <span class='ocrx_word' id='word_1_68' title='bbox 1524 1062 1530 1068; x_wconf 91' lang='grc'><strong>.</strong></span> <span class='ocrx_word' id='word_1_69' title='bbox 1582 1034 1626 1069; x_wconf 87' lang='lat'>46</span> 
     </span>
    </p>
   </div>
   <div class='ocr_carea' id='block_1_8' title="bbox 130 1106 1627 1296">
    <p class='ocr_par' dir='ltr' id='par_1_9' title="bbox 130 1106 1627 1296">
     <span class='ocr_line' id='line_1_13' title="bbox 130 1106 1532 1152; baseline -0.002 -9"><span class='ocrx_word' id='word_1_70' title='bbox 130 1107 364 1143; x_wconf 87' lang='lat' dir='ltr'>Baal-Peoris</span> <span class='ocrx_word' id='word_1_71' title='bbox 405 1108 476 1142; x_wconf 82' lang='lat' dir='ltr'>sive</span> <span class='ocrx_word' id='word_1_72' title='bbox 512 1107 623 1152; x_wconf 80' lang='lat' dir='ltr'>Priapi</span> <span class='ocrx_word' id='word_1_73' title='bbox 656 1106 884 1141; x_wconf 83' lang='lat' dir='ltr'>idololatriam</span> <span class='ocrx_word' id='word_1_74' title='bbox 920 1119 993 1140; x_wconf 89' lang='lat' dir='ltr'>cum</span> <span class='ocrx_word' id='word_1_75' title='bbox 1028 1107 1138 1152; x_wconf 86' lang='lat' dir='ltr'>stupri</span> <span class='ocrx_word' id='word_1_76' title='bbox 1171 1106 1418 1141; x_wconf 81' lang='lat' dir='ltr'>consuetudine</span> <span class='ocrx_word' id='word_1_77' title='bbox 1452 1118 1532 1140; x_wconf 90' lang='lat' dir='ltr'>con-</span> 
     </span>
     <span class='ocr_line' id='line_1_14' title="bbox 173 1178 1627 1224; baseline 0 -11"><span class='ocrx_word' id='word_1_78' title='bbox 173 1179 326 1224; x_wconf 88' lang='lat' dir='ltr'>junctam</span> <span class='ocrx_word' id='word_1_79' title='bbox 353 1190 428 1212; x_wconf 89' lang='lat' dir='ltr'>esse</span> <span class='ocrx_word' id='word_1_80' title='bbox 480 1204 1530 1211; x_wconf 87' lang='grc'><strong>...................</strong></span> <span class='ocrx_word' id='word_1_81' title='bbox 1581 1178 1627 1213; x_wconf 92' lang='grc'>46</span> 
     </span>
     <span class='ocr_line' id='line_1_15' title="bbox 131 1248 1627 1296; baseline -0.001 -10"><span class='ocrx_word' id='word_1_82' title='bbox 131 1250 278 1296; x_wconf 88' lang='lat' dir='ltr'>Serpens</span> <span class='ocrx_word' id='word_1_83' title='bbox 304 1250 337 1283; x_wconf 90' lang='lat' dir='ltr'>in</span> <span class='ocrx_word' id='word_1_84' title='bbox 365 1248 470 1283; x_wconf 86' lang='lat' dir='ltr'>altero</span> <span class='ocrx_word' id='word_1_85' title='bbox 498 1249 701 1295; x_wconf 85' lang='lat' dir='ltr'>Fragmento</span> <span class='ocrx_word' id='word_1_86' title='bbox 728 1249 911 1295; x_wconf 86' lang='lat' dir='ltr'>phallicum</span> <span class='ocrx_word' id='word_1_87' title='bbox 937 1249 1171 1284; x_wconf 87' lang='lat' dir='ltr'>Baal-Peoris</span> <span class='ocrx_word' id='word_1_88' title='bbox 1198 1250 1332 1295; x_wconf 84' lang='lat' dir='ltr'>signum</span> <span class='ocrx_word' id='word_1_89' title='bbox 1361 1249 1499 1284; x_wconf 87' lang='lat' dir='ltr'>denotat</span> <span class='ocrx_word' id='word_1_90' title='bbox 1525 1277 1531 1283; x_wconf 94' lang='lat'><em>.</em></span> <span class='ocrx_word' id='word_1_91' title='bbox 1582 1249 1627 1285; x_wconf 89' lang='grc'>47</span> 
     </span>
    </p>
   </div>
   <div class='ocr_carea' id='block_1_9' title="bbox 129 1320 1531 1369">
    <p class='ocr_par' dir='ltr' id='par_1_10' title="bbox 129 1320 1531 1369">
     <span class='ocr_line' id='line_1_16' title="bbox 129 1320 1531 1369; baseline -0.001 -13"><span class='ocrx_word' id='word_1_92' title='bbox 129 1322 182 1356; x_wconf 89' lang='lat' dir='ltr'>Ex</span> <span class='ocrx_word' id='word_1_93' title='bbox 215 1333 253 1356; x_wconf 89' lang='lat' dir='ltr'>eo</span> <span class='ocrx_word' id='word_1_94' title='bbox 290 1320 383 1367; x_wconf 90' lang='lat' dir='ltr'>quod</span> <span class='ocrx_word' id='word_1_95' title='bbox 415 1331 492 1355; x_wconf 81' lang='lat' dir='ltr'>una</span> <span class='ocrx_word' id='word_1_96' title='bbox 524 1321 684 1355; x_wconf 87' lang='lat' dir='ltr'>esitarent</span> <span class='ocrx_word' id='word_1_97' title='bbox 717 1320 919 1366; x_wconf 80' lang='lat' dir='ltr'>protoplasti</span> <span class='ocrx_word' id='word_1_98' title='bbox 958 1326 990 1355; x_wconf 84' lang='lat' dir='ltr'>et</span> <span class='ocrx_word' id='word_1_99' title='bbox 1020 1327 1139 1366; x_wconf 84' lang='lat' dir='ltr'>postea</span> <span class='ocrx_word' id='word_1_100' title='bbox 1166 1320 1339 1369; x_wconf 86' lang='lat' dir='ltr'>sexualem</span> <span class='ocrx_word' id='word_1_101' title='bbox 1367 1322 1531 1367; x_wconf 87' lang='lat' dir='ltr'>pudorem</span> 
     </span>
    </p>
   </div>
   <div class='ocr_carea' id='block_1_10' title="bbox 133 1391 1629 1583">
    <p class='ocr_par' dir='ltr' id='par_1_11' title="bbox 133 1391 1629 1583">
     <span class='ocr_line' id='line_1_17' title="bbox 178 1391 1629 1440; baseline 0.001 -13"><span class='ocrx_word' id='word_1_102' title='bbox 178 1396 417 1440; x_wconf 82' lang='lat' dir='ltr'>agnoscerent,</span> <span class='ocrx_word' id='word_1_103' title='bbox 445 1391 527 1438; x_wconf 89' lang='lat' dir='ltr'>quid</span> <span class='ocrx_word' id='word_1_104' title='bbox 553 1391 742 1437; x_wconf 77' lang='lat' dir='ltr'>sequatur?</span> <span class='ocrx_word' id='word_1_105' title='bbox 770 1418 1532 1426; x_wconf 88' lang='grc'><strong><em>..............</em></strong></span> <span class='ocrx_word' id='word_1_106' title='bbox 1582 1392 1629 1428; x_wconf 89' lang='lat'>48</span> 
     </span>
     <span class='ocr_line' id='line_1_18' title="bbox 133 1462 1628 1511; baseline -0.001 -10"><span class='ocrx_word' id='word_1_107' title='bbox 133 1465 330 1511; x_wconf 84' lang='lat' dir='ltr'>Serpentem</span> <span class='ocrx_word' id='word_1_108' title='bbox 355 1466 492 1498; x_wconf 82' lang='lat' dir='ltr'>nudum</span> <span class='ocrx_word' id='word_1_109' title='bbox 518 1462 626 1498; x_wconf 88' lang='lat' dir='ltr'>fuisse</span> <span class='ocrx_word' id='word_1_110' title='bbox 651 1475 720 1497; x_wconf 90' lang='lat' dir='ltr'>non</span> <span class='ocrx_word' id='word_1_111' title='bbox 747 1465 926 1498; x_wconf 77' lang='lat' dir='ltr'>callidum</span> <span class='ocrx_word' id='word_1_112' title='bbox 946 1490 1532 1497; x_wconf 88' lang='grc'><em>...........</em></span> <span class='ocrx_word' id='word_1_113' title='bbox 1584 1464 1628 1499; x_wconf 82' lang='grc'>49</span> 
     </span>
     <span class='ocr_line' id='line_1_19' title="bbox 133 1534 1628 1583; baseline -0.001 -12"><span class='ocrx_word' id='word_1_114' title='bbox 133 1535 279 1583; x_wconf 82' lang='lat' dir='ltr'>Triplex</span> <span class='ocrx_word' id='word_1_115' title='bbox 305 1536 499 1581; x_wconf 86' lang='lat' dir='ltr'>imprecatio</span> <span class='ocrx_word' id='word_1_116' title='bbox 528 1534 609 1581; x_wconf 89' lang='lat' dir='ltr'>quid</span> <span class='ocrx_word' id='word_1_117' title='bbox 636 1534 827 1582; x_wconf 74' lang='lat' dir='ltr'>significet?</span> <span class='ocrx_word' id='word_1_118' title='bbox 890 1561 1533 1569; x_wconf 84' lang='grc'><strong>............</strong></span> <span class='ocrx_word' id='word_1_119' title='bbox 1583 1535 1628 1570; x_wconf 89' lang='grc'>50</span> 
     </span>
    </p>
   </div>
   <div class='ocr_carea' id='block_1_11' title="bbox 131 1606 1630 2154">
    <p class='ocr_par' dir='ltr' id='par_1_12' title="bbox 131 1606 1630 2154">
     <span class='ocr_line' id='line_1_20' title="bbox 131 1606 1628 1653; baseline 0 -11"><span class='ocrx_word' id='word_1_120' title='bbox 131 1607 254 1643; x_wconf 86' lang='lat' dir='ltr'>Mulier</span> <span class='ocrx_word' id='word_1_121' title='bbox 279 1608 313 1641; x_wconf 90' lang='lat' dir='ltr'>in</span> <span class='ocrx_word' id='word_1_122' title='bbox 338 1606 514 1653; x_wconf 87' lang='lat' dir='ltr'>parienda,</span> <span class='ocrx_word' id='word_1_123' title='bbox 541 1608 593 1640; x_wconf 89' lang='lat' dir='ltr'>vir</span> <span class='ocrx_word' id='word_1_124' title='bbox 618 1607 652 1640; x_wconf 90' lang='lat' dir='ltr'>in</span> <span class='ocrx_word' id='word_1_125' title='bbox 679 1606 901 1641; x_wconf 85' lang='lat' dir='ltr'>sustentanda</span> <span class='ocrx_word' id='word_1_126' title='bbox 927 1606 1022 1652; x_wconf 90' lang='lat' dir='ltr'>prole</span> <span class='ocrx_word' id='word_1_127' title='bbox 1048 1607 1205 1653; x_wconf 87' lang='lat' dir='ltr'>proprios</span> <span class='ocrx_word' id='word_1_128' title='bbox 1232 1606 1366 1641; x_wconf 87' lang='lat' dir='ltr'>labores</span> <span class='ocrx_word' id='word_1_129' title='bbox 1387 1607 1534 1641; x_wconf 85' lang='lat' dir='ltr'>subeunt</span> <span class='ocrx_word' id='word_1_130' title='bbox 1583 1606 1628 1642; x_wconf 85' lang='lat'>50</span> 
     </span>
     <span class='ocr_line' id='line_1_21' title="bbox 133 1677 1533 1726; baseline -0.001 -12"><span class='ocrx_word' id='word_1_131' title='bbox 133 1680 280 1726; x_wconf 84' lang='lat' dir='ltr'>Serpens</span> <span class='ocrx_word' id='word_1_132' title='bbox 307 1677 490 1725; x_wconf 87' lang='lat' dir='ltr'>phallicus,</span> <span class='ocrx_word' id='word_1_133' title='bbox 524 1683 563 1713; x_wconf 89' lang='lat' dir='ltr'>ut</span> <span class='ocrx_word' id='word_1_134' title='bbox 587 1679 714 1724; x_wconf 88' lang='lat' dir='ltr'>peccati</span> <span class='ocrx_word' id='word_1_135' title='bbox 739 1680 1020 1720; x_wconf 83' lang='lat' dir='ltr'>instrumentum,</span> <span class='ocrx_word' id='word_1_136' title='bbox 1056 1678 1272 1713; x_wconf 90' lang='lat' dir='ltr'>incommodo</span> <span class='ocrx_word' id='word_1_137' title='bbox 1300 1679 1387 1713; x_wconf 88' lang='lat' dir='ltr'>inter</span> <span class='ocrx_word' id='word_1_138' title='bbox 1415 1677 1533 1712; x_wconf 91' lang='lat' dir='ltr'>Orien-</span> 
     </span>
     <span class='ocr_line' id='line_1_22' title="bbox 179 1749 1630 1785; baseline 0.001 -1"><span class='ocrx_word' id='word_1_139' title='bbox 179 1750 263 1784; x_wconf 83' lang='lat' dir='ltr'>tales</span> <span class='ocrx_word' id='word_1_140' title='bbox 290 1750 436 1785; x_wconf 84' lang='lat' dir='ltr'>maxime</span> <span class='ocrx_word' id='word_1_141' title='bbox 464 1750 564 1785; x_wconf 85' lang='lat' dir='ltr'>obvio</span> <span class='ocrx_word' id='word_1_142' title='bbox 593 1749 775 1784; x_wconf 87' lang='lat' dir='ltr'>mulctatur</span> <span class='ocrx_word' id='word_1_143' title='bbox 830 1776 1533 1784; x_wconf 86' lang='grc'><strong>.............</strong></span> <span class='ocrx_word' id='word_1_144' title='bbox 1583 1750 1630 1785; x_wconf 87' lang='grc'>50</span> 
     </span>
     <span class='ocr_line' id='line_1_23' title="bbox 132 1821 1629 1885; baseline -0.001 -27"><span class='ocrx_word' id='word_1_145' title='bbox 132 1823 333 1858; x_wconf 84' lang='lat' dir='ltr'>Dissertatio</span> <span class='ocrx_word' id='word_1_146' title='bbox 362 1822 402 1856; x_wconf 91' lang='lat' dir='ltr'>de</span> <span class='ocrx_word' id='word_1_147' title='bbox 428 1821 604 1856; x_wconf 87' lang='lat' dir='ltr'>vocabulis</span> <span class='ocrx_word' id='word_1_148' title='bbox 631 1822 726 1883; x_wconf 53' lang='lat' dir='ltr'>mv,</span> <span class='ocrx_word' id='word_1_149' title='bbox 753 1828 850 1885; x_wconf 50' lang='lat'><strong>2¹22,</strong></span> <span class='ocrx_word' id='word_1_150' title='bbox 878 1828 910 1857; x_wconf 85' lang='lat' dir='ltr'>et·</span> <span class='ocrx_word' id='word_1_151' title='bbox 935 1823 1046 1885; x_wconf 50' lang='lat' dir='ltr'>51·ssth</span> <span class='ocrx_word' id='word_1_152' title='bbox 1061 1848 1532 1856; x_wconf 89' lang='grc'><em>.........</em></span> <span class='ocrx_word' id='word_1_153' title='bbox 1583 1821 1629 1856; x_wconf 87' lang='grc'>52</span> 
     </span>
     <span class='ocr_line' id='line_1_24' title="bbox 131 1894 1532 1943; baseline -0.001 -14"><span class='ocrx_word' id='word_1_154' title='bbox 131 1895 277 1930; x_wconf 85' lang='lat' dir='ltr'>Litteras</span> <span class='ocrx_word' id='word_1_155' title='bbox 303 1901 328 1943; x_wconf 74' lang='lat' dir='ltr'><strong><em>y</em></strong></span> <span class='ocrx_word' id='word_1_156' title='bbox 355 1899 388 1928; x_wconf 87' lang='lat' dir='ltr'>et</span> <span class='ocrx_word' id='word_1_157' title='bbox 412 1899 430 1936; x_wconf 68' lang='lat'>3</span> <span class='ocrx_word' id='word_1_158' title='bbox 456 1894 543 1928; x_wconf 87' lang='lat' dir='ltr'>inter</span> <span class='ocrx_word' id='word_1_159' title='bbox 569 1905 604 1928; x_wconf 90' lang='lat' dir='ltr'>se</span> <span class='ocrx_word' id='word_1_160' title='bbox 634 1894 891 1929; x_wconf 86' lang='lat' dir='ltr'>commutabiles</span> <span class='ocrx_word' id='word_1_161' title='bbox 919 1906 1011 1936; x_wconf 82' lang='lat' dir='ltr'>esse,</span> <span class='ocrx_word' id='word_1_162' title='bbox 1039 1899 1219 1940; x_wconf 82' lang='lat' dir='ltr'>utramque</span> <span class='ocrx_word' id='word_1_163' title='bbox 1246 1899 1356 1928; x_wconf 85' lang='lat' dir='ltr'>autem</span> <span class='ocrx_word' id='word_1_164' title='bbox 1384 1895 1417 1927; x_wconf 90' lang='lat' dir='ltr'>in</span> <span class='ocrx_word' id='word_1_165' title='bbox 1436 1894 1532 1927; x_wconf 86' lang='lat' dir='ltr'>initio</span> 
     </span>
     <span class='ocr_line' id='line_1_25' title="bbox 179 1965 1628 2012; baseline 0 -12"><span class='ocrx_word' id='word_1_166' title='bbox 179 1967 273 2000; x_wconf 76' lang='lat' dir='ltr'>vocis</span> <span class='ocrx_word' id='word_1_167' title='bbox 300 1965 492 2007; x_wconf 85' lang='lat' dir='ltr'>evanidam,</span> <span class='ocrx_word' id='word_1_168' title='bbox 521 1965 773 2000; x_wconf 88' lang='lat' dir='ltr'>demonstratur</span> <span class='ocrx_word' id='word_1_169' title='bbox 800 1978 862 2012; x_wconf 91' lang='lat' dir='ltr'>ope</span> <span class='ocrx_word' id='word_1_170' title='bbox 889 1967 1036 2001; x_wconf 89' lang='lat' dir='ltr'>nominis</span> <span class='ocrx_word' id='word_1_171' title='bbox 1063 1967 1200 2012; x_wconf 89' lang='lat' dir='ltr'>Assyrii</span> <span class='ocrx_word' id='word_1_172' title='bbox 1227 1971 1320 2008; x_wconf 51' lang='lat'>*1035*</span> <span class='ocrx_word' id='word_1_173' title='bbox 1349 1965 1401 2000; x_wconf 88' lang='lat' dir='ltr'>vel</span> <span class='ocrx_word' id='word_1_174' title='bbox 1421 1970 1534 2008; x_wconf 39' lang='lat'>50⁸)</span> <span class='ocrx_word' id='word_1_175' title='bbox 1583 1965 1628 2000; x_wconf 90' lang='lat'>54</span> 
     </span>
     <span class='ocr_line' id='line_1_26' title="bbox 132 2036 1532 2084; baseline 0 -12"><span class='ocrx_word' id='word_1_176' title='bbox 132 2039 227 2072; x_wconf 82' lang='lat' dir='ltr'>Hane</span> <span class='ocrx_word' id='word_1_177' title='bbox 258 2038 567 2084; x_wconf 81' lang='lat' dir='ltr'>interpretationem</span> <span class='ocrx_word' id='word_1_178' title='bbox 601 2042 668 2071; x_wconf 89' lang='lat' dir='ltr'>tam</span> <span class='ocrx_word' id='word_1_179' title='bbox 700 2044 871 2083; x_wconf 87' lang='lat' dir='ltr'>peccatum</span> <span class='ocrx_word' id='word_1_180' title='bbox 906 2039 1066 2083; x_wconf 82' lang='lat' dir='ltr'>originis,</span> <span class='ocrx_word' id='word_1_181' title='bbox 1101 2049 1142 2071; x_wconf 87' lang='lat' dir='ltr'>ex</span> <span class='ocrx_word' id='word_1_182' title='bbox 1176 2042 1287 2071; x_wconf 86' lang='lat' dir='ltr'>mente</span> <span class='ocrx_word' id='word_1_183' title='bbox 1322 2036 1532 2080; x_wconf 90' lang='lat' dir='ltr'>Solomonis,</span> 
     </span>
     <span class='ocr_line' id='line_1_27' title="bbox 182 2107 1628 2154; baseline 0.001 -12"><span class='ocrx_word' id='word_1_184' title='bbox 182 2120 281 2154; x_wconf 88' lang='lat' dir='ltr'>quam</span> <span class='ocrx_word' id='word_1_185' title='bbox 307 2109 477 2154; x_wconf 87' lang='lat' dir='ltr'>propriam</span> <span class='ocrx_word' id='word_1_186' title='bbox 503 2108 733 2143; x_wconf 86' lang='lat' dir='ltr'>Israelitarum</span> <span class='ocrx_word' id='word_1_187' title='bbox 761 2108 891 2153; x_wconf 90' lang='lat' dir='ltr'>culpam</span> <span class='ocrx_word' id='word_1_188' title='bbox 918 2113 1030 2154; x_wconf 87' lang='lat' dir='ltr'>aperte</span> <span class='ocrx_word' id='word_1_189' title='bbox 1057 2107 1224 2143; x_wconf 87' lang='lat' dir='ltr'>declarare</span> <span class='ocrx_word' id='word_1_190' title='bbox 1234 2135 1532 2142; x_wconf 91' lang='grc'><em>......</em></span> <span class='ocrx_word' id='word_1_191' title='bbox 1583 2109 1628 2145; x_wconf 88' lang='grc'>56</span> 
     </span>
    </p>
   </div>
   <div class='ocr_carea' id='block_1_12' title="bbox 136 2179 1533 2226">
    <p class='ocr_par' dir='ltr' id='par_1_13' title="bbox 136 2179 1533 2226">
     <span class='ocr_line' id='line_1_28' title="bbox 136 2179 1533 2226; baseline 0 -11"><span class='ocrx_word' id='word_1_192' title='bbox 136 2179 292 2216; x_wconf 77' lang='lat' dir='ltr'>Scxualis</span> <span class='ocrx_word' id='word_1_193' title='bbox 319 2181 486 2226; x_wconf 84' lang='lat' dir='ltr'>appetitus</span> <span class='ocrx_word' id='word_1_194' title='bbox 514 2180 641 2214; x_wconf 88' lang='lat' dir='ltr'>abusus</span> <span class='ocrx_word' id='word_1_195' title='bbox 669 2191 838 2214; x_wconf 88' lang='lat' dir='ltr'>summum</span> <span class='ocrx_word' id='word_1_196' title='bbox 866 2185 917 2214; x_wconf 89' lang='lat' dir='ltr'>est</span> <span class='ocrx_word' id='word_1_197' title='bbox 942 2184 1129 2225; x_wconf 85' lang='lat' dir='ltr'>peccatum,</span> <span class='ocrx_word' id='word_1_198' title='bbox 1158 2185 1189 2215; x_wconf 88' lang='lat' dir='ltr'>et</span> <span class='ocrx_word' id='word_1_199' title='bbox 1215 2179 1401 2214; x_wconf 87' lang='lat' dir='ltr'>multorum</span> <span class='ocrx_word' id='word_1_200' title='bbox 1427 2180 1533 2216; x_wconf 88' lang='lat' dir='ltr'>malo-</span> 
     </span>
    </p>
   </div>
   <div class='ocr_carea' id='block_1_13' title="bbox 133 2252 1630 2801">
    <p class='ocr_par' dir='ltr' id='par_1_14' title="bbox 133 2252 1630 2585">
     <span class='ocr_line' id='line_1_29' title="bbox 181 2252 1630 2288; baseline 0.001 -2"><span class='ocrx_word' id='word_1_201' title='bbox 181 2263 257 2286; x_wconf 91' lang='lat' dir='ltr'>rum</span> <span class='ocrx_word' id='word_1_202' title='bbox 285 2263 384 2286; x_wconf 87' lang='lat' dir='ltr'>causa</span> <span class='ocrx_word' id='word_1_203' title='bbox 427 2277 1532 2287; x_wconf 86' lang='grc'><em>....................</em></span> <span class='ocrx_word' id='word_1_204' title='bbox 1584 2252 1630 2288; x_wconf 87' lang='lat'>58</span> 
     </span>
     <span class='ocr_line' id='line_1_30' title="bbox 134 2322 1630 2369; baseline 0.001 -11"><span class='ocrx_word' id='word_1_205' title='bbox 134 2323 276 2359; x_wconf 87' lang='lat' dir='ltr'>Solomo</span> <span class='ocrx_word' id='word_1_206' title='bbox 304 2328 448 2358; x_wconf 89' lang='lat' dir='ltr'>testatur</span> <span class='ocrx_word' id='word_1_207' title='bbox 473 2322 557 2357; x_wconf 90' lang='lat' dir='ltr'>hanc</span> <span class='ocrx_word' id='word_1_208' title='bbox 583 2323 764 2369; x_wconf 87' lang='lat' dir='ltr'>perniciem</span> <span class='ocrx_word' id='word_1_209' title='bbox 790 2323 994 2357; x_wconf 87' lang='lat' dir='ltr'>intrinsecus</span> <span class='ocrx_word' id='word_1_210' title='bbox 1023 2328 1131 2357; x_wconf 88' lang='lat' dir='ltr'>ortam</span> <span class='ocrx_word' id='word_1_211' title='bbox 1159 2334 1234 2358; x_wconf 89' lang='lat' dir='ltr'>esse</span> <span class='ocrx_word' id='word_1_212' title='bbox 1292 2350 1533 2357; x_wconf 92' lang='grc'><strong><em>.....</em></strong></span> <span class='ocrx_word' id='word_1_213' title='bbox 1584 2324 1630 2359; x_wconf 86' lang='grc'>58</span> 
     </span>
     <span class='ocr_line' id='line_1_31' title="bbox 135 2393 1629 2441; baseline 0.001 -13"><span class='ocrx_word' id='word_1_214' title='bbox 135 2393 315 2438; x_wconf 88' lang='lat' dir='ltr'>Quomodo</span> <span class='ocrx_word' id='word_1_215' title='bbox 341 2394 380 2428; x_wconf 91' lang='lat' dir='ltr'>D.</span> <span class='ocrx_word' id='word_1_216' title='bbox 396 2393 525 2429; x_wconf 87' lang='lat' dir='ltr'>Paulus</span> <span class='ocrx_word' id='word_1_217' title='bbox 551 2400 723 2440; x_wconf 86' lang='lat' dir='ltr'>peceatum</span> <span class='ocrx_word' id='word_1_218' title='bbox 752 2396 892 2441; x_wconf 86' lang='lat' dir='ltr'>originis</span> <span class='ocrx_word' id='word_1_219' title='bbox 919 2394 1148 2429; x_wconf 76' lang='lat' dir='ltr'>intellexerit?</span> <span class='ocrx_word' id='word_1_220' title='bbox 1179 2421 1533 2428; x_wconf 88' lang='grc'><strong>.......</strong></span> <span class='ocrx_word' id='word_1_221' title='bbox 1583 2394 1629 2430; x_wconf 84' lang='grc'>58</span> 
     </span>
     <span class='ocr_line' id='line_1_32' title="bbox 133 2464 1628 2513; baseline -0.001 -11"><span class='ocrx_word' id='word_1_222' title='bbox 133 2467 173 2512; x_wconf 84' lang='grc' dir='ltr'>α)</span> <span class='ocrx_word' id='word_1_223' title='bbox 198 2467 311 2501; x_wconf 90' lang='lat' dir='ltr'>Locus</span> <span class='ocrx_word' id='word_1_224' title='bbox 337 2466 445 2512; x_wconf 79' lang='lat' dir='ltr'>Epist.</span> <span class='ocrx_word' id='word_1_225' title='bbox 465 2466 506 2500; x_wconf 89' lang='lat' dir='ltr'>ad</span> <span class='ocrx_word' id='word_1_226' title='bbox 523 2466 620 2501; x_wconf 86' lang='lat' dir='ltr'>Rom.</span> <span class='ocrx_word' id='word_1_227' title='bbox 635 2465 721 2508; x_wconf 90' lang='lat' dir='ltr'>VII,</span> <span class='ocrx_word' id='word_1_228' title='bbox 741 2464 761 2500; x_wconf 86' lang='lat'><strong>7</strong></span> <span class='ocrx_word' id='word_1_229' title='bbox 780 2478 855 2513; x_wconf 82' lang='lat' dir='ltr'>sqq.</span> <span class='ocrx_word' id='word_1_230' title='bbox 882 2467 923 2501; x_wconf 87' lang='lat' dir='ltr'>ad</span> <span class='ocrx_word' id='word_1_231' title='bbox 949 2467 1033 2501; x_wconf 90' lang='lat' dir='ltr'>hanc</span> <span class='ocrx_word' id='word_1_232' title='bbox 1058 2478 1211 2501; x_wconf 89' lang='lat' dir='ltr'>normam</span> <span class='ocrx_word' id='word_1_233' title='bbox 1238 2466 1439 2513; x_wconf 85' lang='lat' dir='ltr'>expenditur</span> <span class='ocrx_word' id='word_1_234' title='bbox 1469 2493 1475 2499; x_wconf 90' lang='lat'><em>.</em></span> <span class='ocrx_word' id='word_1_235' title='bbox 1527 2493 1533 2500; x_wconf 88' lang='lat'><strong>.</strong></span> <span class='ocrx_word' id='word_1_236' title='bbox 1583 2465 1628 2501; x_wconf 79' lang='grc'>59</span> 
     </span>
     <span class='ocr_line' id='line_1_33' title="bbox 134 2537 1534 2585; baseline -0.001 -12"><span class='ocrx_word' id='word_1_237' title='bbox 134 2539 169 2581; x_wconf 87' lang='lat' dir='ltr'>b)</span> <span class='ocrx_word' id='word_1_238' title='bbox 195 2538 324 2573; x_wconf 89' lang='lat' dir='ltr'>Eodem</span> <span class='ocrx_word' id='word_1_239' title='bbox 350 2539 488 2584; x_wconf 83' lang='lat' dir='ltr'>respicit</span> <span class='ocrx_word' id='word_1_240' title='bbox 511 2537 609 2573; x_wconf 89' lang='lat' dir='ltr'>locus</span> <span class='ocrx_word' id='word_1_241' title='bbox 628 2538 735 2584; x_wconf 83' lang='lat' dir='ltr'>Epist.</span> <span class='ocrx_word' id='word_1_242' title='bbox 755 2538 795 2573; x_wconf 86' lang='lat' dir='ltr'>ad</span> <span class='ocrx_word' id='word_1_243' title='bbox 815 2537 901 2573; x_wconf 90' lang='lat' dir='ltr'>Phil.</span> <span class='ocrx_word' id='word_1_244' title='bbox 920 2538 970 2581; x_wconf 92' lang='lat'>11,</span> <span class='ocrx_word' id='word_1_245' title='bbox 988 2538 1009 2573; x_wconf 91' lang='lat'>5</span> <span class='ocrx_word' id='word_1_246' title='bbox 1025 2550 1112 2585; x_wconf 62' lang='lat' dir='ltr'>sqq„</span> <span class='ocrx_word' id='word_1_247' title='bbox 1140 2539 1198 2584; x_wconf 84' lang='lat' dir='ltr'>qui</span> <span class='ocrx_word' id='word_1_248' title='bbox 1218 2538 1407 2573; x_wconf 85' lang='lat' dir='ltr'>Titanicam</span> <span class='ocrx_word' id='word_1_249' title='bbox 1427 2549 1534 2583; x_wconf 88' lang='lat' dir='ltr'>quan-</span> 
     </span>
    </p>

    <p class='ocr_par' dir='ltr' id='par_1_15' title="bbox 134 2609 1630 2801">
     <span class='ocr_line' id='line_1_34' title="bbox 182 2609 1629 2656; baseline 0.001 -12"><span class='ocrx_word' id='word_1_250' title='bbox 182 2610 257 2644; x_wconf 87' lang='lat' dir='ltr'>dam</span> <span class='ocrx_word' id='word_1_251' title='bbox 285 2609 415 2656; x_wconf 86' lang='lat' dir='ltr'>culpam</span> <span class='ocrx_word' id='word_1_252' title='bbox 440 2609 571 2645; x_wconf 90' lang='lat' dir='ltr'>Adamo</span> <span class='ocrx_word' id='word_1_253' title='bbox 598 2611 742 2656; x_wconf 85' lang='lat' dir='ltr'>imputat</span> <span class='ocrx_word' id='word_1_254' title='bbox 773 2636 1533 2644; x_wconf 91' lang='grc'><strong>..............</strong></span> <span class='ocrx_word' id='word_1_255' title='bbox 1583 2609 1629 2645; x_wconf 90' lang='grc'>60</span> 
     </span>
     <span class='ocr_line' id='line_1_35' title="bbox 134 2681 1630 2717; baseline -0.001 0"><span class='ocrx_word' id='word_1_256' title='bbox 134 2681 298 2717; x_wconf 84' lang='lat' dir='ltr'>Hercules</span> <span class='ocrx_word' id='word_1_257' title='bbox 325 2681 519 2717; x_wconf 90' lang='lat' dir='ltr'>Promethei</span> <span class='ocrx_word' id='word_1_258' title='bbox 545 2681 706 2717; x_wconf 87' lang='lat' dir='ltr'>liberator</span> <span class='ocrx_word' id='word_1_259' title='bbox 715 2707 1533 2715; x_wconf 88' lang='grc'><strong>...............</strong></span> <span class='ocrx_word' id='word_1_260' title='bbox 1583 2681 1630 2717; x_wconf 83' lang='grc'>62</span> 
     </span>
     <span class='ocr_line' id='line_1_36' title="bbox 137 2752 1628 2801; baseline -0.001 -12"><span class='ocrx_word' id='word_1_261' title='bbox 137 2753 287 2789; x_wconf 87' lang='lat' dir='ltr'>Carnalis</span> <span class='ocrx_word' id='word_1_262' title='bbox 313 2755 584 2801; x_wconf 85' lang='lat' dir='ltr'>concupiscentia</span> <span class='ocrx_word' id='word_1_263' title='bbox 610 2759 642 2789; x_wconf 87' lang='lat' dir='ltr'>et</span> <span class='ocrx_word' id='word_1_264' title='bbox 668 2752 808 2789; x_wconf 87' lang='lat' dir='ltr'>carnalis</span> <span class='ocrx_word' id='word_1_265' title='bbox 836 2753 1028 2800; x_wconf 84' lang='lat' dir='ltr'>arrogantia</span> <span class='ocrx_word' id='word_1_266' title='bbox 1061 2778 1532 2786; x_wconf 91' lang='grc'>.........</span> <span class='ocrx_word' id='word_1_267' title='bbox 1583 2752 1628 2788; x_wconf 86' lang='grc'>63</span> 
     </span>
    </p>
   </div>
   <div class='ocr_carea' id='block_1_14' title="bbox 136 2824 1627 2944">
    <p class='ocr_par' dir='ltr' id='par_1_16' title="bbox 136 2824 1627 2944">
     <span class='ocr_line' id='line_1_37' title="bbox 136 2824 1533 2872; baseline -0.002 -11"><span class='ocrx_word' id='word_1_268' title='bbox 136 2825 233 2861; x_wconf 89' lang='lat' dir='ltr'>Pauli</span> <span class='ocrx_word' id='word_1_269' title='bbox 261 2825 412 2861; x_wconf 85' lang='lat' dir='ltr'>doctrina</span> <span class='ocrx_word' id='word_1_270' title='bbox 438 2825 478 2861; x_wconf 92' lang='lat' dir='ltr'>de</span> <span class='ocrx_word' id='word_1_271' title='bbox 504 2837 602 2861; x_wconf 85' lang='lat' dir='ltr'>carne</span> <span class='ocrx_word' id='word_1_272' title='bbox 628 2831 659 2861; x_wconf 87' lang='lat' dir='ltr'>et</span> <span class='ocrx_word' id='word_1_273' title='bbox 685 2827 806 2872; x_wconf 90' lang='lat' dir='ltr'>spiritu</span> <span class='ocrx_word' id='word_1_274' title='bbox 832 2827 919 2860; x_wconf 89' lang='lat' dir='ltr'>inter</span> <span class='ocrx_word' id='word_1_275' title='bbox 946 2836 981 2860; x_wconf 90' lang='lat' dir='ltr'>se</span> <span class='ocrx_word' id='word_1_276' title='bbox 1007 2824 1274 2871; x_wconf 85' lang='lat' dir='ltr'>repugnantibus</span> <span class='ocrx_word' id='word_1_277' title='bbox 1296 2830 1328 2859; x_wconf 85' lang='lat' dir='ltr'>et</span> <span class='ocrx_word' id='word_1_278' title='bbox 1347 2824 1386 2859; x_wconf 93' lang='lat' dir='ltr'>de</span> <span class='ocrx_word' id='word_1_279' title='bbox 1405 2826 1533 2859; x_wconf 85' lang='lat' dir='ltr'>utrius-</span> 
     </span>
     <span class='ocr_line' id='line_1_38' title="bbox 186 2894 1627 2944; baseline -0.001 -12"><span class='ocrx_word' id='word_1_280' title='bbox 186 2909 250 2944; x_wconf 87' lang='lat' dir='ltr'>que</span> <span class='ocrx_word' id='word_1_281' title='bbox 276 2896 442 2932; x_wconf 86' lang='lat' dir='ltr'>fructibus</span> <span class='ocrx_word' id='word_1_282' title='bbox 479 2922 1533 2931; x_wconf 88' lang='grc'><strong><em>...................</em></strong></span> <span class='ocrx_word' id='word_1_283' title='bbox 1583 2894 1627 2930; x_wconf 89' lang='grc'>63</span> 
     </span>
    </p>
   </div>
  </div>
 </body>
</html>
