1867 3301
94 646 182 675 Num.
197 646 305 722 XXIVI.

261 689 290 724 [9

94 1232 181 1260 Num.
192 1232 302 1263 XXIV,

118 1278 217 1302 15-22.
239 1273 302 1311 [15]

240 1422 303 1461 [¹⁶]

240 1757 302 1796 [17]

242 2259 305 2299 [18]

239 2512 302 2548 [19]

241 2678 304 2714 [20]

240 2846 304 2881 [2¹1

793 180 890 226 185

338 326 514 382 Ingentes
547 332 641 364 sunt
673 323 756 378 ejus
790 325 890 364 vires
927 332 1111 380 tanquam
1145 322 1261 364 bovis
1293 323 1439 366 buffeli.

340 408 481 450 Gentes
515 409 720 463 oppositas
755 406 979 456 devorabit,

337 491 482 533 Earum
517 506 606 532 ossa
640 490 876 548 confringet,

336 576 387 617 Et
418 577 579 632 sagittas
613 590 703 616 suas
737 572 792 627 [in
825 572 1030 631 sanguine]
1065 574 1356 631 contorquebit.

336 659 520 701 Incurvat
550 674 610 708 se,
644 657 870 715 procumbit
902 667 946 699 ut
976 658 1037 700 leo
1071 667 1108 700 ct
1138 659 1289 708 leaena,

339 742 435 797 Quis
469 757 555 783 eum
590 741 980 785 lacessereaudeat?

336 826 571 868 Benedictus
604 829 655 867 sit
685 826 769 876 ille,
804 828 872 882 qui
906 825 976 868 tibi
1007 825 1105 867 bene
1138 824 1303 875 dixerit,

339 910 415 965 Qui
446 910 563 960 male,
597 910 694 951 male
728 909 855 951 dietus
888 911 950 950 sit.

625 1128 784 1161 QUARTA
815 1127 1053 1155 PARTICULA.

335 1245 439 1287 Dicit
470 1244 665 1287 Bileamus
697 1244 800 1286 filius
833 1244 984 1293 Beoris‚

336 1329 440 1370 Dicit
468 1331 540 1379 vir,
577 1331 637 1370 cui
671 1328 809 1369 oculus
843 1337 1001 1385 apertus
1035 1337 1104 1379 est,

336 1413 440 1454 Dicit
470 1416 516 1463 is,
551 1416 618 1470 qui
647 1411 766 1454 verba
798 1411 909 1453 audit
941 1412 1084 1463 diviua,

338 1495 415 1551 Qui
445 1499 559 1538 novit
589 1498 770 1538 notitiam
803 1499 943 1538 summi
976 1499 1160 1547 numinis,

338 1580 415 1635 Qui
445 1583 530 1621 visa
562 1582 842 1637 omnipotentis
875 1580 985 1630 vidit,

335 1664 552 1721 Prolapsus
586 1673 624 1705 et
653 1667 808 1706 retectis
843 1665 979 1706 oculis.

336 1748 491 1790 Videbo
526 1763 633 1798 eum,
669 1748 738 1790 sed
769 1764 850 1790 non
881 1762 1004 1789 nune:

337 1831 659 1888 Comtemplabor
692 1847 801 1882 eum,
838 1833 1016 1889 quamvis
1048 1847 1129 1873 non
1162 1833 1213 1872 sit
1243 1834 1508 1890 propinquus.

335 1916 529 1958 Procedet
560 1916 670 1956 stella
702 1931 752 1957 ex
781 1915 946 1965 Jacoho,

337 1998 561 2056 Surgetque
593 2008 791 2056 sceptrum
824 2015 873 2041 ex
904 1999 1055 2048 Israele,

336 2083 387 2124 Et
419 2082 634 2124 contundet
665 2091 878 2140 utrumque
909 2083 1011 2124 latus
1043 2081 1323 2133 Moabitarum,

336 2166 627 2223 Exscindetque
661 2175 822 2207 cunctos
856 2166 1034 2207 homines
1067 2165 1332 2208 turbulentos.

338 2251 423 2292 Erit
455 2259 583 2291 autem
614 2252 815 2307 possessio
850 2250 933 2306 ejus
965 2250 1159 2300 Idumaea,

335 2334 386 2375 Et
417 2333 581 2375 infestus
615 2334 676 2375 ille
710 2332 796 2375 Scir
829 2334 1003 2390 ejusdem
1036 2336 1238 2391 possessio
1273 2336 1357 2376 erit.

335 2417 432 2459 Nam
464 2418 581 2458 Israel
614 2426 772 2458 strenue
805 2432 845 2457 se
877 2426 997 2475 geret.

338 2502 443 2543 Tum
476 2500 744 2542 dominabitur
776 2502 916 2558 aliquis
950 2517 997 2542 ex
1030 2501 1179 2542 Jacobo
1215 2501 1420 2551 oriundus,

338 2584 560 2642 Omnesque
594 2600 643 2626 cx
674 2584 842 2626 urbibus
876 2588 1108 2642 superstites
1140 2585 1425 2642 pessumdabit.

338 2669 502 2710 Amalek
534 2668 609 2710 fuit
639 2671 876 2726 principium
909 2670 1095 2726 gentium,

338 2751 417 2793 Sed
450 2752 499 2793 ad
532 2761 749 2794 extremum
782 2752 939 2808 peribit.

338 2835 469 2876 Firma
501 2845 560 2877 cst
591 2835 782 2878 habitatio
816 2845 896 2885 tua,
932 2832 1081 2888 [Quin]

336 2918 388 2960 Et
418 2921 458 2959 in
489 2928 600 2975 petra
631 2922 801 2976 posuisti
834 2919 969 2961 nidum
1002 2927 1136 2969 tuu1n3
