1867 3301
956 227 1052 273 178

256 363 303 419 (Ι)
335 380 383 408 ne
416 365 520 407 dona
550 368 765 422 praesentis
798 366 919 408 horae
941 369 1039 408 tanti
1063 369 1310 409 aestimemus
1334 376 1379 409 ut
1398 369 1614 424 promissae
1641 375 1747 410 tran-

255 449 458 505 quillitatis
498 449 794 500 obliviscanmr3
836 466 926 492 nam
960 451 1084 507 »quid
1118 450 1281 508 prodest
1313 451 1460 492 homini
1494 453 1526 492 si
1557 450 1747 493 mundum

253 534 482 574 universum
515 533 698 583 lucretur,
733 536 880 576 animae
910 550 1003 575 vcro
1037 549 1129 575 suae
1155 535 1348 589 jacturam
1382 533 1551 575 saciat?«
1585 531 1743 587 (Matth.

252 615 366 664 XVI,
392 613 487 669 26);
536 613 598 670 (ΙΙ)
640 632 687 658 ne
727 617 824 673 quid
862 626 1016 674 praeter
1046 617 1173 658 Deum
1212 619 1342 674 ipsum
1379 619 1432 658 ita
1464 617 1658 666 colamus,
1700 626 1746 658 ut

254 698 422 739 divisum
462 701 502 740 in
540 701 687 740 nostris
727 702 864 742 animis
897 702 1103 757 imperium
1136 703 1443 751 constituamus;
1493 698 1574 754 (ΠΙ)
1606 715 1653 741 ne
1687 700 1745 741 di-

252 783 364 822 vinae
397 782 668 838 providentiae
698 783 820 840 legem
853 792 1117 840 aspernantes,
1156 786 1198 825 in>
1228 799 1363 825 eorum
1396 798 1566 826 errorem
1599 783 1745 824 incida-

251 880 359 915 mus,
401 868 468 922 qui
500 874 653 907 tentant
682 865 809 907 Deum
841 869 1082 923 impatientia
1114 882 1185 908 sua
1217 870 1413 917 viventes,
1449 876 1487 909 et
1517 865 1743 908 moribundi

252 963 447 990 summum
478 964 622 990 numen
655 949 748 990 diris
783 949 979 992 devovent
1011 947 1117 1003 (Job.
1141 950 1192 1000 Π,
1219 948 1275 1003 9).

369 1032 439 1073 His
474 1032 808 1074 admonitionibus
841 1035 1063 1089 praemissis
1085 1033 1364 1090 Fragmentum
1395 1041 1576 1075 nostrum
1605 1033 1654 1075 ad
1675 1032 1744 1076 ab·

251 1115 421 1157 solutam
451 1115 546 1172 legis
580 1115 840 1158 obedientiam
872 1119 1093 1167 revertitur,
1128 1125 1245 1173 atque
1278 1118 1331 1157 ita
1356 1116 1405 1158 ad
1426 1115 1514 1158 libri
1536 1116 1743 1159 Jasharani

251 1199 573 1255 significationem
620 1200 912 1256 exprimendam
961 1214 1077 1257 quam
1123 1202 1303 1256 proxime
1347 1200 1505 1242 accedit.
1569 1199 1743 1242 »Custo-

251 1281 393 1322 diendo
435 1281 628 1323 custodite
668 1291 876 1340 praecepta
907 1283 1081 1325 Jehovae
1122 1283 1284 1339 ejusque
1323 1286 1548 1325 testimonia
1587 1292 1626 1325 et
1662 1292 1742 1325 sta-

248 1373 352 1415 tuta,
397 1380 496 1422 quae
533 1365 605 1407 tibi
636 1369 854 1423 praecepit3
896 1375 934 1408 et
965 1366 1081 1408 facias
1114 1366 1155 1407 id
1187 1366 1296 1422 quod
1326 1364 1493 1418 probum
1526 1363 1671 1434 (ἾΨἾΤ)
1704 1375 1742 1408 et

249 1447 394 1490 bonum
428 1457 487 1490 est
518 1464 648 1490 coram
669 1449 840 1500 Jehova,
875 1458 920 1491 ut
950 1449 1048 1491 bene
1081 1450 1151 1491 tibi
1185 1451 1236 1491 sit
1267 1458 1305 1491 et
1336 1449 1566 1506 ingrediaris
1589 1459 1627 1492 et
1646 1465 1742 1507 pos-

249 1533 375 1573 sideas
407 1531 552 1573 bonam
584 1532 687 1573 illam
719 1541 861 1575 terram
894 1548 1012 1590 quam
1037 1533 1190 1574 Jehova
1220 1535 1298 1574 tuis
1330 1532 1509 1589 patribus
1542 1533 1740 1590 pollicitus

249 1624 333 1657 est«
367 1612 421 1669 (v.
444 1614 509 1665 17,
539 1613 622 1668 18).
674 1616 750 1657 »Et
775 1613 935 1666 justitia
967 1613 1151 1685 (ΓῚΡΤἾΞ)
1185 1619 1257 1658 erit
1288 1616 1404 1657 nobis
1436 1618 1460 1657 i.
1485 1631 1517 1658 e.
1551 1625 1596 1657 ut
1626 1618 1740 1658 meri-

246 1707 330 1740 tum
362 1698 478 1740 nobis
510 1699 769 1754 reputabitur,
805 1702 837 1740 si
871 1700 1172 1741 custodierimus
1205 1709 1244 1741 et
1271 1699 1471 1741 fecerimus
1495 1701 1624 1740 omnia
1646 1699 1740 1741 haec

247 1790 454 1838 praecepta
476 1796 606 1823 coram
627 1782 797 1832 Jehova,
833 1785 933 1824 sicut
954 1783 1018 1824 Ille
1040 1783 1155 1825 nobis
1177 1785 1399 1840 praecepit«
1424 1780 1478 1835 (V.
1503 1780 1589 1835 25).
1634 1782 1739 1824 Haec

247 1865 367 1907 verba
388 1865 666 1922 Fragmentum
698 1874 877 1908 nostrum
911 1866 960 1907 ad
984 1867 1139 1922 justum
1171 1866 1286 1908 finem
1312 1865 1553 1922 perducunt,
1587 1873 1625 1907 et
1643 1880 1739 1922 pro-

244 1947 405 1990 bitatem
444 1949 548 1990 illam
579 1949 840 1991 Israelitarum
880 1952 920 1991 in
960 1965 1004 1991 ea
1044 1949 1268 1992 conditione
1309 1948 1516 1998 exhibent,
1559 1963 1657 2005 quae
1689 1947 1739 1990 ad

248 2031 511 2074 Christianam
552 2032 789 2090 probitatem
831 2042 1006 2090 spectare
1042 2033 1234 2075 videatur.
1297 2032 1396 2074 Nam
1428 2031 1638 2074 »Christus
1680 2040 1738 2073 est

244 2115 332 2156 finis
366 2116 460 2172 legis
494 2116 543 2157 ad
563 2117 771 2171 justitiam
796 2117 883 2158 fidis
908 2116 1090 2158 omnibus
1118 2115 1412 2173 imputandam«
1447 2115 1578 2169 (Rom.
1600 2115 1652 2166 X,
1676 2113 1734 2169 4).

247 2198 290 2240 Si
322 2199 386 2240 lex
416 2199 481 2240 illa
513 2202 552 2240 in
586 2215 716 2241 amore
739 2200 810 2241 Dei
842 2201 1092 2257 hominisque
1114 2208 1305 2249 versatur,
1340 2201 1406 2256 qui
1438 2199 1489 2240 ad
1515 2199 1618 2240 illius
1639 2198 1735 2256 legis

238 2282 433 2336 justitiam
466 2285 645 2338 proxime
678 2286 902 2334 accesserit,
937 2286 969 2325 is
1002 2299 1082 2325 non
1114 2284 1229 2340 longe
1262 2282 1387 2324 aberit
1418 2281 1465 2323 ab
1499 2281 1563 2323 illa
1593 2284 1736 2324 sancti-

244 2365 443 2415 ficatione,
495 2380 611 2422 quam
649 2365 873 2407 Paracletus
915 2382 936 2406 a
980 2365 1139 2408 Christo
1187 2368 1329 2407 missus
1370 2380 1482 2406 verae
1521 2365 1734 2422 relligionis

245 2448 460 2499 sodalibus,
494 2449 658 2505 singulis
692 2449 764 2489 illis
797 2448 978 2490 membris
1011 2449 1243 2489 consolidati
1276 2450 1453 2504 corporis
1483 2448 1594 2503 cujus
1619 2447 1733 2489 Chri-

244 2540 329 2573 stus
362 2534 445 2589 ipse
478 2541 597 2589 caput
628 2540 704 2582 est,
742 2532 873 2574 vivida
897 2534 936 2572 vi
968 2540 1006 2573 et
1036 2532 1149 2588 plena
1181 2530 1376 2572 infusione
1409 2530 1627 2572 donaturus
1660 2539 1730 2572 est.

364 2614 580 2657 Citationes
620 2616 705 2657 illae
736 2615 977 2658 Morasthaei
1018 2615 1234 2671 prophetae
1273 2614 1445 2670 aliaeque
1483 2628 1580 2670 quas
1613 2628 1732 2670 supra

243 2701 454 2740 memoravi
495 2699 714 2756 significant
752 2699 897 2740 multos
938 2699 1034 2739 alios
1066 2697 1363 2738 Deuteronomii
1402 2697 1511 2738 locos
1551 2698 1591 2737 in
1629 2696 1730 2738 libro

242 2782 460 2823 Jasharano
494 2781 622 2822 sedem
656 2797 765 2823 suam
796 2782 1000 2830 habuisse,
1035 2780 1103 2822 sed
1125 2781 1259 2821 ultima
1280 2780 1576 2821 Deuteronomii
1597 2778 1728 2829 editio,

244 2879 342 2921 quae
375 2864 424 2905 ad
450 2880 523 2905 nos
547 2867 736 2921 pervenit,
770 2867 824 2906 ita
848 2866 1122 2906 commissuras
1144 2865 1264 2919 panni
1284 2863 1394 2904 rudis
1415 2864 1456 2903 in
1477 2870 1589 2904 vetus
1611 2863 1730 2902 vesti-

241 2957 414 2990 mentum
452 2947 694 2998 introduxit,
735 2956 779 2990 ut
820 2948 972 2990 difficile
1005 2949 1055 2989 sit
1085 2947 1334 3004 autographa
1364 2946 1414 2989 ab
1445 2946 1617 2988 insititiis
1649 2944 1728 2987 dis-
