1867 3301
945 190 1009 237 44

232 329 559 385 praedicationem
592 329 763 371 inducat.
817 329 926 370 Hanc
957 331 1315 385 interpretationem
1349 331 1552 374 confirmat
1582 342 1720 376 auctor

231 413 562 468 locupletissimus
589 412 636 453 D.
660 412 854 461 Jacobus,
889 415 927 453 in
958 413 1045 453 loco
1080 416 1351 463 vexatissimo,
1388 417 1455 470 qui
1486 416 1562 457 levi
1592 425 1720 458 muta-

232 498 338 536 tione
378 497 432 535 sic
463 495 712 551 refingendus
746 504 805 536 est
837 492 926 547 (IV,
953 493 1024 548 5):
1064 493 1172 550 πρὸς
1203 496 1379 552 φθόνον
1410 495 1478 538 ἐπὶ
1509 495 1639 555 πόθῳ
1670 495 1716 541 τὸ

232 577 400 631 πνεῦμα
433 575 482 618 οὐ
514 576 755 633 κατῴκησεν
787 576 833 618 ἐν
864 576 978 633 ἡμῖν.
1030 579 1192 636 Legitur
1224 578 1432 620 ἐπιποθεῖ
1459 589 1496 621 et
1528 580 1550 622 δ
1582 581 1719 639 κατῴ-

232 672 367 715 κησεν.
431 659 510 701 Sed
549 675 671 716 quum
709 675 822 702 nemo
857 661 985 702 adhuc
1017 663 1209 723 invenerit
1241 662 1282 704 S.
1318 662 1544 719 Scripturae
1574 664 1716 714 locum,

232 758 311 799 quo
360 743 454 783 haec
501 746 692 785 sententia
730 746 966 799 respexerit,
1017 753 1054 785 et
1095 760 1230 786 versus
1271 747 1324 787 ita
1364 746 1590 788 emendatus
1631 762 1718 789 cum

233 825 328 867 Gen.
352 825 423 874 VI,
457 824 503 875 6,
535 825 581 875 3,
624 826 692 868 ubi
725 826 830 867 Dens
872 827 1014 868 dicitur
1056 828 1229 869 doluisse
1270 831 1406 870 animo
1445 845 1517 871 suo
1551 827 1717 898 (Di-13¹³)

230 918 396 965 propter
435 909 654 965 impudicos
697 911 899 951 hominnm
941 925 1113 959 amoreS,
1156 919 1193 952 et
1232 911 1377 952 dixisse
1415 909 1464 953 οὗ
1496 909 1550 967 μὴ
1585 928 1718 953 κατα-

230 993 349 1049 μείνῃ
380 987 429 1032 vo*
459 992 627 1045 πνεῦμά
656 1007 740 1046 μου
768 991 814 1034 ἒν
835 998 922 1041 τοῖς
945 990 1198 1046 ἀνθρώποις
1219 993 1382 1042 τούτοις
1403 994 1461 1043 εἷς
1482 991 1558 1035 τὸν
1579 995 1718 1037 αἰῶνα

232 1072 305 1115 διὰ
342 1074 388 1115 τὸ
428 1075 538 1115 εἶναι
579 1070 737 1124 αὐτοὺς
778 1072 940 1130 σοι’ρκας
972 1074 1049 1127 (ita
1081 1078 1181 1116 enim
1214 1074 1361 1128 LXX.)
1395 1079 1593 1133 aptissime
1626 1093 1718 1119 con-

229 1166 365 1214 gruat,
400 1166 437 1198 et
466 1158 710 1199 commodam
736 1158 1057 1214 significationem
1082 1157 1287 1214 praebeat:
1321 1168 1510 1216 »propter
1530 1160 1717 1202 invidiam

231 1241 418 1282 adversus
459 1240 656 1282 libidinem
697 1243 858 1297 spiritus
899 1256 980 1282 non
1012 1240 1204 1283 habitavit
1234 1243 1275 1282 in
1306 1241 1467 1292 nobis«,
1511 1243 1605 1284 mihi
1637 1258 1717 1285 cer-

230 1325 422 1364 tissimum
454 1333 513 1364 est
546 1324 610 1364 tali
641 1326 857 1365 mutatione
891 1339 992 1379 opus
1026 1339 1121 1366 esse.
1172 1324 1297 1378 Quam
1329 1324 1474 1366 frustra
1503 1326 1717 1368 doctissimi

230 1407 407 1448 homines
444 1407 587 1448 sudent
622 1409 662 1448 in
693 1407 854 1464 vulgato
889 1407 1120 1462 explicando
1155 1407 1279 1448 discas
1312 1423 1361 1449 ex
1394 1411 1717 1452 commentatione

229 1489 399 1545 Zyronis
433 1487 644 1546 (Theolog.
670 1489 784 1531 Stud.
809 1504 848 1530 u.
871 1489 972 1530 Krit.
1011 1488 1134 1530 1840.
1168 1505 1235 1546 pp.
1260 1489 1345 1532 432
1369 1489 1487 1548 sqq.).
1534 1492 1585 1533 Et
1617 1507 1717 1549 quo-

230 1574 332 1613 niam
364 1572 609 1613 Wetstenius
651 1572 935 1614 demonstravit
965 1572 1155 1613 Jacobum
1196 1588 1276 1614 non
1313 1588 1438 1630 pauca
1470 1576 1716 1617 transtulisse

230 1670 279 1696 ex
317 1655 417 1696 libro
452 1655 692 1712 Sapientiae,
734 1658 767 1696 ei
806 1670 887 1696 non
926 1658 1167 1712 incognitum
1206 1665 1289 1697 erat
1320 1657 1426 1698 istud
1459 1657 1615 1699 effatum
1648 1656 1713 1711 (H,

230 1735 459 1791 23—25):
506 1737 569 1779 ὅτι
608 1736 630 1778 ὃ
670 1735 778 1786 θεὸς
816 1736 949 1778 ε”κτισε
986 1735 1062 1780 τὸν
1100 1735 1344 1793 ἄνθρωπον
1382 1737 1452 1780 ἐπ’
1482 1737 1716 1794 ἀφθαρσίᾳ

230 1823 302 1861 καὶ
339 1820 483 1861 εἰκόνα
522 1823 593 1875 τῆς
633 1819 745 1868 ἰδίας
784 1819 993 1875 ἰδιότητος
1032 1819 1228 1876 ἐποίησεν
1267 1817 1418 1863 αὐτὸν·
1468 1822 1627 1879 φθόνῳ
1669 1823 1716 1865 δὲ

231 1902 440 1956 διαβόλου
478 1903 674 1952 θάνατος
712 1902 915 1958 εἴσηλθεν
955 1904 1013 1951 εἷς
1052 1901 1127 1945 τὸν
1166 1904 1342 1958 κόσμον,
1387 1904 1630 1959 πειράζουσι
1669 1905 1716 1947 δὲ

229 1983 364 2029 αὐτὸν
396 1983 437 2026 οἱ
467 1986 538 2040 τῆς
569 1985 731 2027 ἐκείνου
761 1985 932 2040 μερίδος
963 1985 1092 2034 ὄντες.
1140 1987 1225 2028 Jam
1258 2003 1352 2028 vero
1385 1997 1430 2029 ut
1462 1990 1515 2029 ait
1540 1988 1588 2029 D.
1611 1988 1715 2029 Pau-

229 2070 289 2110 lus
324 2066 425 2121 (Gal.
452 2069 499 2118 V,
528 2068 596 2121 17)
630 2065 676 2110 τὸ
709 2069 877 2123 πνεῦμα
908 2067 1120 2123 ἐπιθυμεῖ
1146 2068 1254 2110 κατὰ
1287 2070 1358 2125 τῆς
1390 2067 1556 2125 σαρκός.
1606 2071 1712 2128 Ergo

229 2151 276 2192 τὸ
308 2153 478 2204 πνεῦμα
510 2154 580 2191 καὶ
612 2149 636 2206 ἢ
670 2149 774 2207 σὰρξ
806 2151 1059 2206 ἐπιφθόνως
1092 2151 1337 2194 διάκεινται.
1399 2154 1450 2194 Et
1482 2168 1603 2210 quum
1634 2153 1714 2194 πό-

230 2236 314 2282 θος
354 2249 397 2275 ea
436 2236 486 2275 sit
525 2233 738 2287 ἐπιθυμία
778 2231 932 2289 σαρκὸς
970 2249 1068 2290 quae
1108 2237 1147 2275 in
1186 2237 1335 2277 scxuali
1375 2251 1505 2278 amore
1535 2245 1714 2278 versatur

230 2314 294 2370 (cf.
327 2316 463 2372 Eurip.
499 2316 617 2372 llipp.
652 2315 756 2358 536:
806 2316 910 2371 ἔρως
949 2315 974 2357 ὂ
1012 2315 1107 2357 κατ’
1130 2313 1334 2371 ὅμμοὲτων
1366 2318 1525 2367 στάζεις
1555 2318 1713 2360 πόθον.

228 2399 312 2455 lph.
345 2398 395 2439 A.
433 2397 565 2440 1303:
606 2397 675 2439 ἐπὶ
705 2398 834 2454 πόθῳ
866 2399 1069 2454 τρυφῶσα
1101 2398 1302 2454 Κύπρις),
1347 2401 1517 2457 Spiritus
1551 2402 1621 2443 Dei
1653 2416 1713 2443 re-

229 2481 392 2523 cusabat
431 2482 627 2522 homincm
668 2481 886 2523 inhabitare
929 2479 1036 2536 πρὸς
1075 2482 1250 2537 φθόνον
1290 2482 1359 2523 ἐπὶ
1397 2480 1546 2539 πόθῳ,
1596 2487 1712 2541 »quia

229 2646 386 2687 batur.<‹
448 2648 695 2703 Praepositio
729 2644 836 2702 πρὸς
875 2647 976 2688 valet
1007 2631 1095 2705 ¹72-53
1139 2648 1226 2688 vide
1258 2648 1398 2689 Matth.
1422 2649 1574 2699 XXIX,
1599 2649 1639 2691 8.
1675 2658 1712 2691 et

231 2728 275 2770 cf.
300 2729 471 2770 Fischer.
506 2730 555 2770 ad
578 2730 739 2771 NVelleri
774 2729 839 2771 Gr.
863 2730 929 2779 lll,
955 2729 991 2771 2.
1026 2746 1063 2786 p.
1089 2728 1185 2771 260.

346 2811 516 2853 Videbat
547 2815 666 2869 igitur
696 2815 840 2870 prioris
875 2813 1076 2869 fragmenti
1110 2822 1248 2854 auctor
1269 2814 1339 2854 Dei
1364 2817 1544 2870 spiritum
1567 2814 1708 2855 idcirco

230 2897 268 2935 in
300 2895 456 2936 homine
488 2910 640 2951 semper
674 2911 835 2952 regnare
867 2911 947 2937 non
979 2898 1176 2952 potuisse,
1218 2899 1309 2952 quia
1341 2911 1429 2938 caro
1464 2905 1598 2939 contra
1630 2899 1710 2953 spi-
