1867 3301
818 178 917 225 197

116 328 249 361 monet
280 318 577 361 Schumannus:
618 334 737 361 »eave
768 335 816 360 ne
847 319 1121 376 praeverbium
1154 321 1211 381 ξ,
1256 322 1384 378 quod,
1423 323 1492 364 ubi
1526 338 1612 365 eum

117 403 236 445 verbo
275 411 406 445 motus
439 403 659 459 copulatur,
704 404 818 444 simul
851 403 997 445 indicat
1026 385 1194 446 manere
1226 405 1374 461 aliquid
1406 408 1446 447 in
1479 408 1610 463 aliquo

114 488 214 537 loco,
250 502 336 528 cuin
367 489 661 544 praepositione
694 471 805 548 -ἦξζ,
851 502 949 544 quae
990 497 1142 529 tantum
1173 496 1328 530 ‘motum
1360 489 1409 530 ad
1441 490 1610 547 aliquam

112 586 192 611 rem
233 573 435 627 exprimit,
481 579 620 611 temere
663 579 890 612 commutes.
953 570 1052 612 Na'm
1084 581 1359 629 praeterquam
1393 573 1502 629 quod
1534 574 1611 615 hoc

114 654 227 695 docet
258 663 398 700 natura
430 654 549 710 hujus
582 654 823 710 praeverbii,
859 657 899 695 in
931 655 1052 696 altero
1086 656 1333 697 hemistichio
1361 657 1610 713 parallelismi

111 740 360 794 synonymici
391 752 498 778 voce.
525 721 749 796 7013·¹78
788 721 971 805 ΕῌῌΡΞ
1010 739 1108 779 illud
1141 738 1299 780 adfatim
1334 740 1609 783 confirmant«

109 822 166 862 lta
198 824 309 878 quasi
342 824 566 862 continuam
598 821 738 862 harum
770 821 946 862 tribuum
980 822 1247 863 exclusionem
1279 823 1449 865 indicare
1482 825 1610 867 voluit

108 914 246 962 poeta3
280 914 317 947 et
350 920 471 962 quum
504 905 631 955 addit,
665 905 909 961 patriarchae
941 908 1097 947 nomine
1130 906 1310 963 loquens,
1345 909 1444 948 istos
1467 907 1607 950 fratres

110 991 282 1046 nequitia
312 990 497 1047 gemellos
530 991 630 1030 inter
649 989 843 1030 Israelitas
876 1005 957 1030 non
989 991 1091 1031 sicut
1121 990 1292 1047 reliquas
1324 991 1452 1032 tribus
1482 1001 1606 1033 certas

109 1074 149 1113 in
187 1075 382 1128 promissa
418 1073 554 1114 tellure
587 1073 697 1114 sedes
730 1072 1000 1123 habitaturos,
1042 1073 1111 1115 sed
1144 1074 1345 1131 dispersos
1377 1074 1482 1125 sore,
1524 1091 1607 1118 non

109 1165 208 1198 certe
240 1156 493 1213 exspectabat
526 1156 607 1198 sore
640 1166 685 1198 ut
717 1172 761 1198 ea
793 1159 984 1199 sententia
1017 1159 1126 1199 irrita
1158 1141 1392 1208 fiemus&
1417 1168 1607 1216 tanquam

105 1249 297 1297 perpetuo
331 1256 555 1282 mansuram
587 1240 951 1283 condemnationem
984 1257 1095 1283 suam
1126 1242 1424 1298 pronuntiabat.
1471 1243 1606 1301 Atque

107 1324 168 1365 hic
201 1326 327 1366 oritur
359 1326 537 1381 quaestio
577 1325 642 1365 illa
674 1324 720 1365 de
752 1325 977 1367 Levitarum
1011 1334 1130 1367 sorte.
1196 1326 1240 1368 Si
1273 1329 1372 1367 enim
1405 1327 1483 1368 hoc
1514 1342 1605 1369 can-

105 1409 225 1448 ticum
266 1407 339 1449 sub
373 1408 588 1449 Solomone
620 1410 810 1465 scriptum
843 1418 919 1458 est,
963 1418 1001 1450 et
1033 1411 1065 1450 si
1096 1418 1191 1450 tunc
1223 1412 1412 1467 temporis
1443 1410 1604 1454 Levitae

106 1507 257 1533 summo
291 1492 511 1533 sacerdotio
546 1501 583 1533 et
610 1493 741 1533 multis
763 1495 946 1549 praemiis
970 1501 1087 1550 atque
1110 1493 1332 1535 honoribus
1354 1493 1600 1545 fruebantur,

104 1578 172 1617 vix
210 1576 391 1618 credibile
431 1585 490 1617 est
520 1585 676 1633 poetam
710 1576 810 1618 hanc
841 1576 987 1618 tribum
1021 1586 1208 1634 tanquam
1238 1587 1452 1636 perpetuae
1484 1579 1602 1621 male-

105 1660 265 1701 dictioni
298 1660 511 1701 obnoxiam
533 1659 787 1702 inducturum
810 1660 943 1702 fuisse.
991 1661 1202 1704 Assentior
1223 1664 1345 1719 igitur
1366 1662 1599 1704 Drechslero

103 1744 265 1785 dicenti:
299 1743 433 1786 »nach
465 1744 533 1785 der
554 1743 828 1802 Bestimmung
848 1745 976 1787 Levi's
1009 1759 1100 1786 zum
1121 1745 1458 1787 Priesterstamme
1490 1747 1600 1788 hatte

104 1826 199 1869 Gen.
237 1827 385 1877 XLIX,
424 1827 448 1868 7
491 1828 765 1869 nimmermehr
803 1828 993 1870 erfunden
1032 1829 1193 1870 werden
1233 1830 1419 1871 konnen«
1469 1828 1601 1887 (apud

102 1910 383 1952 Delitzschium
408 1910 502 1953 Gen.
527 1927 566 1968 p.
588 1909 704 1965 369).
751 1911 808 1953 At
839 1927 1010 1968 quonam
1043 1921 1221 1969 tempore
1249 1914 1291 1955 id
1311 1913 1456 1955 factum
1477 1913 1600 1956 fuisse

101 1994 248 2051 putas?
278 1993 358 2035 Nee
389 1996 509 2052 hujus
541 1995 616 2036 loci
649 2010 719 2036 nec
750 1997 824 2037 mei
857 1996 1009 2038 consilii
1043 2005 1145 2037 esset
1167 2012 1247 2038 rem
1272 2012 1425 2040 omnem
1448 2014 1470 2040 a
1489 2002 1599 2056 prin-

103 2080 203 2135 cipio
237 2081 470 2120 examinare.
521 2078 647 2132 Quam
680 2078 909 2120 brevissime
939 2088 1070 2122 tamen
1102 2095 1298 2138 exponam
1330 2091 1521 2139 quantum
1547 2083 1598 2125 ad

101 2165 293 2204 canticum
324 2171 505 2204 nostrum
535 2165 729 2218 pertinere
752 2163 943 2204 videatur.
994 2163 1038 2206 Si
1062 2164 1112 2206 ad
1132 2164 1276 2206 librum
1297 2165 1598 2209 Deuteronomii

101 2255 333 2303 spectamus,
367 2247 517 2287 nullum
550 2246 756 2288 discrimen
777 2247 956 2289 videmus
988 2250 1089 2289 inter
1120 2248 1342 2292 sacerdotes
1377 2260 1415 2292 et
1446 2260 1596 2293 ceteros

98 2330 255 2372 Levitas
289 2330 450 2384 (XVIII,
478 2328 620 2383 1-5).
675 2330 872 2373 Seriorem
903 2333 1024 2389 igitur
1056 2333 1372 2389 explanationem
1405 2334 1595 2377 hahemus

99 2416 138 2455 in
186 2413 286 2455 libro
325 2412 590 2455 Numerorum
633 2411 801 2467 (XVIII,
835 2412 904 2469 2),
954 2415 1022 2456 ubi
1062 2431 1205 2457 nomen
1245 2404 1315 2478 ἾἸῙἾ
1361 2417 1500 2459 Scriba
1541 2421 1596 2460 ita

100 2499 390 2554 interpretatur,
424 2506 470 2539 ut
500 2497 691 2554 significet
711 2499 867 2540 Levitas
901 2499 1148 2541 sacerdotum
1179 2502 1310 2542 socios
1333 2510 1371 2542 et
1390 2503 1593 2544 ministros

99 2580 230 2621 fuisse.
290 2580 333 2622 Si
364 2580 485 2622 libros
518 2581 761 2624 Judaeorum
792 2582 1003 2624 historicos
1036 2585 1321 2639 percurrimus,
1355 2585 1506 2626 nullum
1538 2585 1593 2628 ibi

100 2671 322 2719 separatum
354 2664 601 2707 sacerdotum
635 2665 811 2706 ordinem
842 2668 1076 2708 invenimus.
1120 2666 1284 2708 Etiamsi
1305 2683 1592 2726 nonnunquam

97 2747 255 2789 Levitae
289 2748 452 2804 singulis
484 2748 710 2791 hominibus
741 2765 764 2790 a
785 2751 904 2791 sacris
927 2749 1163 2792 assistebant
1185 2748 1293 2804 (Jud.
1310 2752 1432 2802 XVII,
1452 2752 1477 2794 5
1502 2768 1589 2810 sqq.

97 2830 268 2880 XXVII,
293 2828 388 2883 30),
422 2839 550 2873 tamen
580 2840 659 2874 tam
691 2835 836 2890 privati
869 2834 1047 2874 homines
1082 2831 1190 2887 (Jud.
1206 2834 1272 2885 VI,
1293 2834 1343 2876 17
1368 2850 1454 2892 sqq.
1486 2836 1587 2886 XIII,

101 2911 153 2955 19
172 2911 289 2970 sqq),
321 2927 437 2970 quam
458 2929 568 2972 reges
593 2913 633 2969 (1
654 2915 759 2959 Sam.
777 2916 868 2967 XV,
889 2916 958 2959 21.
992 2917 1017 2960 2
1037 2916 1141 2959 Sam.
1160 2918 1226 2968 VI,
1249 2917 1315 2961 13.
1347 2918 1494 2970 XXIV,
1514 2916 1587 2972 25)
