1867 3301
112 328 212 366 euim
246 323 453 366 difficultas
489 321 591 362 ultro
632 322 818 371 clabitur,
862 323 893 361 si
926 335 1081 362 versum
1124 321 1332 376 septimum
1366 319 1501 363 Choro
1545 336 1605 363 as-

112 411 255 466 signas,
291 416 329 449 et
360 407 561 454 sententia,
598 414 641 446 ut
672 405 794 455 vides,
829 404 963 460 prodit
994 404 1290 460 simplicissima.

229 490 316 533 Jam
340 505 432 531 vero
466 491 656 546 occupavi
688 488 765 530 scre
797 491 926 530 omnia
950 502 1048 544 quae
1072 487 1118 528 de
1140 478 1461 543 interpretatione
1485 488 1603 544 liujus

112 576 247 617 cantici
282 573 443 616 (licenda
475 581 604 622 erant,
638 587 707 614 nec
739 572 954 629 quidquam
986 579 1119 621 restat,
1154 573 1228 612 nisi
1264 579 1306 612 ut
1335 586 1512 612 moneam
1534 587 1606 613 vo-

111 673 190 700 cem
230 662 380 726 ΓἹΤέὉΞ
421 672 458 698 v.
486 655 539 698 14
578 656 867 713 intelligendam
908 670 990 696 csse
1032 655 1077 697 de
1116 656 1300 696 interiore
1340 656 1474 712 palatii
1513 671 1606 698 con-

110 743 225 792 clavi,
269 721 377 799 quod
415 740 622 782 mulierum
664 742 754 781 usui
786 740 1029 781 ‘destinatum
1062 747 1144 780 crat
1176 735 1240 791 (cf.
1279 736 1298 780 1
1324 738 1422 796 Reg.
1446 739 1511 790 VI,
1540 739 1605 782 18.

110 826 135 868 2
157 826 255 883 Reg.
279 825 361 876 VII,
390 821 473 877 11).
514 823 665 865 Eodem
696 823 815 865 modo
851 823 998 865 Graeca
1029 825 1174 879 regina,
1211 837 1333 878 quum
1365 825 1405 864 in
1431 824 1605 865 conclavi

109 925 182 951 suo
221 908 327 950 Deos
367 916 597 958 veneratur,
646 907 744 949 illud
784 909 825 949 in
863 906 983 963 μυχῷ
1021 915 1177 963 patrare
1219 905 1361 948 dicitur
1400 904 1603 964 (Aeschyl.

108 993 247 1050 Agam.
273 991 349 1035 96:
389 991 560 1048 πελάνῳ
598 990 795 1045 μυχόθεν
832 987 1072 1047 βασιλείῳ);
1114 999 1152 1032 et
1186 992 1289 1048 regis
1321 990 1401 1032 filia
1432 1006 1604 1034 summae

108 1092 191 1120 esse
224 1077 481 1119 contumeliae
514 1075 640 1125 ducit,
684 1074 793 1132 quod
828 1073 966 1129 μυχοῦ
998 1073 1209 1129 ἄφερκτος
1240 1083 1343 1116 esset
1372 1073 1605 1117 πολυσίνου

108 1157 234 1209 κυνὸς
267 1159 387 1216 δίκην
420 1157 491 1213 (Id.
517 1158 697 1216 Choeph.
723 1155 841 1212 440).
907 1156 966 1201 Cf.
1001 1160 1115 1200 etiam
1146 1158 1309 1200 Hesiod.
1375 1158 1450 1215 Op.
1485 1167 1523 1201 et
1553 1159 1601 1200 D.

109 1243 193 1287 519
216 1259 302 1302 sqq.
336 1243 405 1286 ubi
438 1243 485 1285 de
518 1243 680 1285 delicata
714 1243 922 1299 opulentae
954 1242 1126 1284 mulieris
1159 1242 1279 1283 filiola
1311 1257 1438 1284 sermo
1471 1252 1542 1285 est.

224 1329 268 1369 In
308 1328 447 1369 ultimo
486 1342 604 1370 versu
642 1336 688 1368 ut
727 1329 767 1368 in
806 1329 972 1384 septimo
1014 1341 1095 1369 non
1133 1341 1265 1384 regem
1304 1327 1374 1370 sed
1411 1327 1603 1370 Jehovam

107 1411 323 1468 praedicari
356 1411 470 1454 docet
500 1414 584 1468 ipse
616 1418 839 1454 contextus.

509 1654 562 1698 IN
595 1653 791 1699 CANTIC
799 1653 875 1697 ΠΜ
908 1652 1196 1697 SEPTIMUM.

225 1830 576 1872 Demonstraturus
621 1828 785 1871 sublime
825 1829 902 1870 hoc
941 1842 1091 1870 carmen
1133 1828 1221 1869 ideo
1261 1830 1527 1885 conscriptum
1566 1839 1603 1872 et

107 1922 304 1956 cantatum
338 1928 433 1963 csse,
468 1921 513 1954 ut
545 1912 773 1955 Solomonci
808 1912 940 1968 templi
974 1914 1325 1962 consecrationem,
1364 1912 1602 1955 Jasharanae

105 1999 297 2041 felicitatis
331 1998 483 2039 culmen
515 2006 554 2038 et
584 1996 798 2054 fastigium,
833 1998 1098 2046 comitaretur,
1133 1994 1180 2037 ab
1213 1998 1301 2053 ipso
1329 1998 1466 2038 cantici
1490 1998 1600 2038 initio

104 2085 274 2140 primum
306 2089 580 2138 argumentum
613 2080 813 2123 deducam.
879 2079 1023 2122 Omnes
1057 2081 1158 2121 enim
1191 2078 1454 2121 observarunt
1485 2095 1602 2122 exor-

106 2167 213 2208 dium
246 2167 425 2208 carminis
458 2167 504 2206 iis
538 2166 633 2221 ipsis
666 2163 795 2206 verbis
834 2172 1032 2214 constare,
1076 2162 1219 2221 quibus
1251 2164 1385 2205 Moses
1417 2166 1476 2206 uti
1509 2179 1602 2206 con-

105 2258 306 2300 sueverat,
350 2251 505 2306 quoties
545 2247 650 2290 Arca
690 2247 858 2291 foederis
900 2263 949 2289 ex
989 2263 1070 2289 uno
1110 2247 1197 2289 loco
1237 2249 1278 2289 in
1318 2248 1436 2290 alium
1474 2257 1602 2291 trans-

105 2333 263 2375 ferenda
294 2342 396 2374 esset
417 2330 624 2386 (Num.'X,
650 2329 735 2386 35).
785 2331 896 2374 Unde
919 2331 1129 2374 concludas
1151 2346 1307 2374 necesse
1329 2340 1387 2374 est
1409 2335 1601 2375 canticum

105 2426 284 2460 nostrum
317 2417 367 2458 ad
401 2417 569 2473 aliquam
602 2431 732 2458 sacrae
774 2416 877 2458 illius
919 2418 1035 2458 cistae
1074 2416 1371 2457 translationem
1412 2425 1597 2472 spectare,

105 2517 175 2544 nec
205 2503 332 2558 primo
368 2501 513 2543 obtutu
549 2502 706 2557 rejicere
745 2515 884 2557 posses
925 2500 1185 2557 complurium
1217 2502 1474 2556 interpretum
1508 2515 1600 2542 con-

98 2587 310 2642 jecturam,
352 2586 429 2627 hoc
468 2599 620 2627 carmen
660 2599 743 2626 esse
781 2599 803 2625 a
834 2583 985 2625 Davidc
1018 2585 1281 2640 compositum
1315 2599 1363 2626 ex
1397 2586 1600 2626 occasione

104 2670 207 2711 illius
240 2669 516 2719 solemnitatis,
558 2684 635 2726 qua
677 2683 766 2710 arca
805 2667 972 2710 foederis
1006 2682 1056 2709 ex
1087 2666 1249 2709 aedibus
1284 2666 1527 2709 Obededomi
1560 2670 1599 2709 in

104 2768 230 2795 arcem
263 2753 520 2794 Tsioniticam
561 2753 612 2794 ad
648 2753 777 2794 locum
818 2753 851 2794 ei
889 2760 1069 2808 paratum
1106 2751 1385 2793 transferretur
1425 2748 1468 2804 (2
1492 2750 1597 2793 Sam.

106 2837 170 2887 VI,
198 2835 250 2879 12
273 2851 359 2893 sqq.
397 2834 416 2878 1
444 2834 592 2878 Chron.
615 2834 724 2890 XV),
763 2837 990 2893 praesertim
1023 2850 1146 2893 quum
1178 2837 1315 2877 cantici
1347 2835 1486 2877 titulus
1518 2834 1598 2875 Da-

105 2920 233 2963 videm
262 2929 450 2978 tanquam
480 2921 711 2977 scriptorem
743 2920 893 2977 alleget.
943 2918 1024 2963 Sed
1054 2934 1103 2962 nc
1136 2918 1260 2962 dicam
1291 2919 1394 2961 illam
1419 2917 1598 2961 Davidici
