1867 3301
724 177 916 251 νὴ-215

120 322 273 377 lateque
313 322 486 377 conspici
525 328 677 376 potest,
720 334 741 360 a
777 318 1040 375 splendendo,
1084 318 1186 360 unde
1220 327 1423 375 argentum
1457 334 1506 361 ex
1537 335 1616 361 me-

119 404 221 445 tallis
261 405 453 445 montium
493 411 687 452 erutum«,
730 411 786 452 et,
831 405 993 459 opinor,
1037 401 1202 443 altitudo
1246 403 1457 443 cornuum!
1507 402 1615 456 Quae

121 489 251 528 omnia
298 486 532 528 refutatione
571 501 652 526 non
692 494 818 542 egent.
881 484 1075 542 Equidem
1115 485 1287 527 arbitror
1324 485 1491 526 radicem
1532 491 1616 554 t-'WJ

120 571 250 627 aliqua
290 569 475 611 affinitate
517 569 763 624 conjunctam
805 584 887 609 esse
927 583 1014 609 cum
1045 568 1172 611 radice
1205 573 1304 637 ῆῆν,
1348 583 1447 625 quae
1477 570 1617 611 volare

120 657 144 695 i.
177 670 208 695 e.
241 668 402 695 sursum
432 653 492 694 ire
532 649 711 702 denotat,
754 661 792 693 et
830 654 869 692 in
909 651 1105 707 producta
1142 651 1268 693 forma
1300 658 1388 721 ῆᾶ-ΙὛΤ
1414 655 1615 694 notionem

119 752 279 779 sursum
311 735 581 778 contendendi
611 746 798 792 agnosco‘.
858 734 921 775 Ex
952 735 1025 775 hae
1056 737 1219 776 notione
1251 736 1446 791 profluxit
1476 751 1615 777 sensus

121 821 385 863 contentionis
414 820 564 861 virium
597 825 633 859 et
665 817 984 874 dejhtiyatiowis.
1035 815 1145 859 Unde
1175 820 1304 874 quivis
1327 819 1481 869 viderit,
1516 834 1617 876 quo-

119 904 237 947 modo
278 903 510 960 significatio
551 901 765 954 moliendi,
806 898 1066 958 fluctuandi,
1113 909 1151 942 et
1187 902 1481 944 intumescendi
1522 905 1616 944 oriri

119 995 268 1044 posset.
324 987 450 1043 Atqui
489 985 554 1026 illa
593 994 652 1026 est
692 986 803 1041 quasi
841 987 986 1025 montis
1020 986 1222 1041 aptissima
1255 984 1487 1042 descripti03
1526 1000 1615 1026 nam

120 1080 272 1113 montes
305 1084 388 1111 sese
420 1071 459 1110 in
486 1069 586 1125 juga
618 1068 822 1118 attollunt,
858 1076 895 1108 et
925 1083 1121 1109 summum
1154 1083 1243 1110 aera
1273 1077 1426 1125 petunt.
1475 1068 1615 1111 Utrum

121 1155 190 1196 ala
232 1163 269 1195 et
308 1153 391 1195 ales
430 1167 517 1193 cum
550 1152 614 1193 alo
655 1160 693 1192 et
726 1152 831 1193 altus
863 1153 1072 1208 conjuncta
1103 1154 1183 1193 sint
1212 1167 1352 1202 necne,
1396 1152 1618 1210 discrepant

120 1237 347 1294 etymologi.
396 1235 476 1277 Sed
507 1250 620 1276 nemo
653 1238 856 1292 negaverit
888 1235 1145 1277 altitudinem
1174 1238 1366 1277 montium
1401 1236 1451 1277 ad
1479 1236 1618 1278 alendi

118 1323 143 1362 i.
168 1335 200 1362 e.
233 1322 367 1375 majus
389 1318 583 1375 faciendi
619 1320 820 1360 notionem
860 1318 1008 1368 redire,
1048 1318 1152 1360 unde
1195 1320 1300 1360 altus
1319 1316 1476 1377 fluctus
1514 1322 1617 1361 inter

122 1404 291 1445 Graecos
318 1402 445 1458 τρόφι
467 1402 578 1456 κῦμα
610 1402 830 1459 appellatur
851 1418 874 1442 a
894 1402 1077 1457 τρέφειν,
1112 1403 1232 1444 alere.
1279 1402 1332 1444 Et
1352 1405 1435 1444 avis
1459 1402 1615 1444 sublimi

120 1487 257 1529 volatu
287 1489 360 1528 iter
392 1486 536 1527 faciens
570 1486 676 1527 altus
707 1485 893 1542 appellari
924 1494 1070 1542 potest.
1116 1487 1173 1527 Ita
1203 1501 1358 1536 corvus,
1393 1485 1499 1542 apud
1523 1484 1617 1527 Ovi-

121 1571 226 1613 dium
269 1568 401 1621 (Fasti
429 1570 480 1620 11,
516 1566 647 1622 252),
690 1571 865 1610 »aerium
898 1569 1079 1625 pervolat
1111 1570 1216 1611 altus
1246 1571 1360 1611 iter.<‹
1421 1569 1615 1611 Notiones

120 1653 399 1711 magnitudinis
433 1661 470 1694 et
500 1651 647 1694 laboris
680 1655 761 1693 sive
793 1652 993 1694 molestiae
1030 1656 1131 1695 inter
1163 1669 1203 1694 se
1236 1655 1466 1694 commutari
1497 1668 1617 1710 posse

121 1738 234 1780 docet
265 1736 432 1778 affinitas
463 1736 530 1777 illa
560 1738 767 1777 notissima
797 1739 898 1778 inter
919 1737 1052 1778 malus
1075 1745 1113 1778 et
1140 1736 1280 1790 μόλις,
1315 1739 1464 1792 μέγας,
1496 1735 1617 1791 μόγις

120 1831 158 1864 et
180 1820 350 1875 μόχθος
372 1818 489 1874 (New
513 1818 698 1876 Cratylus
724 1818 746 1873 ξ
773 1816 887 1873 185).
938 1819 1043 1873 Quid
1076 1820 1186 1877 quod
1216 1820 1314 1861 illud
1345 1823 1476 1877 ipsum
1507 1823 1617 1866 'DN-1

120 1908 160 1946 vi
190 1905 343 1946 termini
377 1903 539 1945 denotat
568 1902 609 1943 id
642 1902 752 1959 quod
784 1903 904 1944 altum
938 1911 997 1944 est
1026 1905 1150 1944 instar
1171 1903 1346 1944 montis?
1376 1901 1475 1945 Nam
1506 1906 1617 1962 Εζ-ἤἾ

122 1988 182 2030 vel
213 1992 303 2035 ΕῆἾ
343 1987 584 2028 altitudinem
618 1988 811 2027 montium
843 1988 1039 2043 exprimit.
1101 1985 1238 2043 Neque
1270 1985 1376 2027 aliud
1409 1995 1468 2028 est
1498 1958 1616 2028 vocaI

120 2071 306 2114 bulorum
343 2072 447 2124 βοῦς
487 2079 525 2112 et
562 2069 718 2126 ταῦρος
757 2078 930 2126 etymon.
993 2067 1092 2110 Nam
1132 2071 1236 2124 βοῦς
1268 2070 1427 2127 quidem
1459 2070 1509 2112 ad
1542 2071 1618 2112 ele-

122 2157 317 2197 vationem
350 2155 458 2195 humi
492 2161 661 2210 spectat,
694 2153 799 2194 unde
832 2152 986 2206 βοῦνος
1008 2162 1078 2195 etc.
1107 2149 1224 2206 (New
1248 2151 1432 2210 Cratylus
1456 2151 1614 2208 §469),

122 2247 160 2281 et
190 2241 230 2280 in
261 2238 405 2295 linguis
436 2235 826 2287 Indo-Germanicis,
860 2245 906 2278 ut
936 2242 1079 2292 χοῖρος
1110 2245 1149 2277 et
1179 2236 1329 2293 χοιράς
1355 2236 1404 2278 ad
1426 2239 1616 2279 minorem

122 2322 278 2364 collium
319 2320 563 2363 altitudinem
603 2328 780 2377 spectant
819 2317 935 2372 (New
965 2319 1151 2377 Cratylus
1189 2318 1212 2374 ξ
1243 2316 1367 2374 281),
1409 2323 1464 2362 ita
1501 2321 1617 2363 radix

122 2414 205 2448 tor-
228 2406 289 2446 vel
316 2405 412 2447 dor·
445 2412 671 2446 montanam
700 2406 899 2461 regionem
929 2403 1108 2460 designat
1137 2400 1253 2455 (New
1277 2402 1462 2460 Cratylus
1485 2402 1613 2458 §92).

124 2489 248 2544 Quam
289 2497 378 2546 apte
416 2490 609 2530 montium
650 2487 817 2530 altitudo
851 2487 1162 2544 qualemcunque
1193 2489 1388 2544 ingentem
1420 2490 1616 2545 magnitu-

124 2572 252 2615 dinem
283 2572 487 2630 signifieet,
521 2580 658 2614 auctor
690 2580 750 2613 est
773 2573 832 2612 vir
864 2570 1136 2612 celeberrimus
1158 2569 1358 2612 Jonatl1an
1381 2569 1512 2621 Swift‚
1547 2574 1616 2628 qui

123 2658 163 2698 in
194 2655 344 2698 ludicra
373 2656 439 2697 illa
469 2655 609 2697 fabella
634 2655 680 2697 de
704 2654 892 2697 Gulliveri
912 2653 1308 2711 peregrinationibus,
1343 2669 1465 2711 quum
1487 2656 1617 2696 viator

124 2740 185 2782 ille
217 2741 317 2781 inter
346 2754 562 2796 pygmaeos
586 2739 862 2796 Lilliputianos
896 2746 1216 2788 commoraretur,
1249 2753 1331 2780 non
1363 2738 1476 2779 aliam
1499 2740 1615 2779 mira-

125 2822 270 2865 bundis
302 2825 414 2864 nanis
445 2822 685 2880 prodigiosi,
718 2831 765 2864 ut
794 2824 890 2879 ipsis
920 2821 1140 2872 videbatur,
1173 2823 1342 2879 gigantis
1376 2821 1616 2878 designatio-

124 2922 209 2950 nem
252 2905 411 2957 tribuit,
453 2920 570 2963 quam
609 2906 782 2963 quinbus
812 2903 977 2965 flestrz'n
1015 2907 1039 2947 i.
1072 2919 1104 2946 e.
1143 2904 1261 2948 homo
1302 2906 1450 2947 montis
1486 2905 1616 2947 instar
