1867 3301
130 340 342 374 creatorem
374 332 530 380 mundi,
572 332 640 372 sed
673 340 859 388 tanquam
891 332 1153 374 Israelitarum
1185 331 1432 373 liberatorem
1466 332 1628 374 inducit.

128 414 217 457 Non
258 416 486 472 profitetur:
528 415 638 472 »Ego
673 415 779 457 Deus
820 431 928 465 sum,
971 418 1038 472 qui
1079 418 1205 456 creavi
1246 424 1369 456 terras
1408 425 1446 456 et
1478 417 1627 457 coelum

129 515 198 541 sex
230 498 417 549 diebus«;
459 498 546 539 sed:
587 498 697 556 »Ego
731 499 883 540 Jchova
916 514 1024 548 sum,
1059 499 1166 540 Deus
1200 506 1303 552 tuus,
1340 501 1407 555 qui
1439 499 1558 541 eduxi
1593 507 1629 541 te

129 599 147 625 e
181 583 298 625 domo
332 585 574 624 servitutis«
631 583 857 632 Praeterea,
891 583 1094 624 Exodieus
1130 583 1190 624 ille
1224 582 1352 623 editor
1385 585 1439 624 sic
1471 584 1626 639 incipit:

130 668 357 709 »Memento
383 661 536 734 (ἾἾΞΣ)
571 665 756 716 Sabbati,
791 675 836 707 ut
868 667 975 708 illum
1009 667 1109 707 diem
1142 666 1397 716 sanctifices«,
1434 675 1470 708 et
1501 675 1627 708 tamen

126 751 271 793 nullam
304 753 710 792 commemorationem
745 765 831 791 cum
863 751 926 792 illa
949 750 1255 792 sanctificatione
1279 751 1503 807 conjungit,
1537 765 1626 792 nam

126 837 269 877 creatio
311 835 447 876 mundi
486 849 567 876 non
606 843 665 876 est
695 834 894 892 relligiosa
927 836 951 875 i.
976 849 1007 875 e.
1041 834 1248 875 Israelitica
1283 836 1625 883 commemorati03

126 934 232 977 ergo,
267 918 316 960 ad
347 919 543 975 populum
576 918 740 960 electum
773 918 980 960 dumtaxat
1010 920 1204 975 pertinere
1226 933 1307 958 non
1330 919 1475 974 potuit.
1519 917 1627 959 Deu-

125 1005 390 1045 teronomicus
424 1011 553 1044 autem
586 1004 641 1044 sie
673 1004 827 1059 incipit:
863 1018 879 1036 »
892 1001 1073 1044 Observa
1099 996 1287 1069 (ἾἾὉΨ)
1322 1001 1423 1042 diem
1446 1000 1623 1051 sabbati,

125 1096 171 1129 ut
201 1087 416 1128 sanctifices
450 1101 556 1136 eum,
590 1086 693 1127 sicut
715 1087 934 1142 praecepit
965 1087 1037 1128 tihi
1057 1085 1217 1127 Jelzfova
1237 1086 1356 1127 Deus
1387 1091 1518 1127 tuus«
1567 1085 1625 1127 lbi

125 1170 314 1213 habemus
349 1170 580 1211 discriminis
613 1178 767 1220 notam,
803 1185 901 1227 quae
928 1185 1014 1211 eum
1038 1170 1227 1227 singulari
1247 1170 1508 1211 israelitarum
1531 1185 1625 1211 con-

125 1255 272 1297 ditione
305 1256 549 1304 conveniret,
585 1269 684 1311 quae
717 1257 895 1310 ipsorum
928 1256 1079 1295 animos
1114 1253 1163 1294 ad
1194 1253 1410 1295 mirandam
1432 1253 1504 1295 Dei
1528 1269 1623 1311 pro-

123 1338 335 1380 videntiam
366 1338 588 1387 reduceret,
633 1353 711 1395 qua
751 1337 799 1379 ab
832 1338 1079 1395 Aegyptiaca
1112 1340 1300 1380 servitute
1333 1341 1372 1379 in
1404 1337 1621 1379 libertatem

122 1424 400 1465 tlieocraticam
432 1422 617 1463 vindicati
652 1430 793 1464 essent.

242 1506 294 1549 Ut
325 1516 470 1549 ceteras
504 1520 647 1563 easque
680 1508 850 1548 minores
885 1505 1052 1547 duarum
1079 1508 1306 1547 versionum
1340 1506 1621 1564 discrepantias

121 1591 429 1650 perpendamus,
463 1599 712 1647 penetremus
745 1605 901 1632 neeesse
934 1599 993 1632 est
1025 1593 1063 1632 in
1096 1593 1222 1647 ipsam
1255 1590 1481 1633 coelestium
1512 1606 1621 1632 man-

123 1677 305 1719 datorum
336 1677 528 1717 rationem
562 1683 599 1716 et
630 1674 874 1716 methodum.

241 1759 284 1802 Si
325 1759 499 1801 debitum
540 1759 726 1816 relligiosi
767 1759 936 1800 hominis
980 1757 1152 1799 officium
1186 1757 1259 1799 sub
1294 1759 1396 1800 clara
1429 1757 1620 1801 Christia-

120 1847 234 1887 nismi
265 1845 350 1886 luce
380 1843 700 1900 contemplamur,
736 1858 781 1884 eo
804 1851 993 1893 tenemur,
1029 1851 1100 1884 »ut
1122 1841 1359 1899 abnegantes
1381 1845 1618 1900 impietatem

121 1938 159 1971 et
197 1928 413 1970 mundanas
453 1927 634 1968 libidines
674 1928 808 1969 sobrie
849 1935 887 1968 et
921 1928 1034 1981 juste
1073 1934 1111 1967 et
1149 1927 1224 1982 pie
1264 1929 1470 1967 vivamus«
1511 1924 1616 1979 (Tit.

119 2014 171 2063 ΙΙ,
201 2010 283 2066 12),
318 2013 479 2061 seilicet,
514 2020 560 2053 ut
591 2013 770 2052 vivamus
805 2008 1056 2064 o‘onppdvcog,
1096 2018 1255 2051 nostros
1288 2012 1465 2066 ipsorum
1499 2026 1618 2067 appe-

120 2099 215 2138 titus
238 2105 510 2153 temperantes,
547 2094 738 2144 δικαίως,
773 2094 939 2135 aliorum
962 2093 1169 2135 commodo
1193 2096 1461 2144 inservientes,
1496 2091 1617 2136 εὗσε-

119 2180 222 2234 βῶς,
262 2179 387 2221 Deum
428 2179 611 2221 colentes.
676 2177 858 2221 Christus
898 2180 997 2219 enim
1032 2178 1168 2219 docuit
1199 2193 1312 2220 omne
1344 2186 1545 2235 peccatum
1578 2181 1617 2220 in

121 2264 237 2306 corde
270 2264 439 2304 hominis
482 2264 793 2319 uniuscujusque
828 2264 941 2312 oriri,
985 2264 1038 2303 ita
1069 2270 1114 2303 ut
1145 2264 1177 2303 is
1211 2264 1262 2303 sit
1293 2263 1394 2303 illico
1428 2263 1615 2304 moechus

119 2351 158 2390 in
199 2348 315 2389 corde
355 2363 448 2397 SUO,
495 2349 562 2404 qui
602 2347 661 2387 vel
696 2346 839 2387 viderit
876 2346 1076 2388 mulierem
1116 2361 1202 2387 eum
1243 2347 1439 2404 impudica
1472 2362 1615 2388 concu-

118 2434 307 2489 piscentia
336 2428 493 2484 (Matth.
514 2430 563 2481 V,
589 2429 675 2484 28).
725 2429 805 2472 Sed
837 2430 931 2471 llaec
962 2432 1108 2486 peccati
1143 2433 1254 2471 notio
1289 2430 1511 2472 abstrusior
1542 2439 1612 2481 cst,

120 2530 236 2572 quam
276 2530 375 2572 quae
415 2530 485 2571 per
526 2514 680 2555 tabulas
721 2514 894 2570 lapideas
935 2514 1091 2554 incultis
1123 2514 1385 2555 Israelitaruni
1417 2514 1613 2555 mentibus

118 2608 420 2656 proponeretur.
485 2597 589 2640 Satis
623 2598 763 2639 hahuit
792 2598 939 2647 Moses,
979 2612 1093 2653 quem
1127 2597 1282 2639 afflatus
1316 2598 1493 2639 coelestis
1526 2599 1614 2640 illu-

119 2684 301 2731 minavit,
343 2684 382 2723 in
420 2684 505 2723 istis
544 2681 687 2723 tabulis
721 2682 913 2738 duplicem
947 2681 1160 2737 relligionis
1193 2684 1390 2723 materiem
1425 2682 1611 2739 digerere.

118 2767 160 2808 In
192 2767 324 2822 priore
356 2767 476 2822 igitur
499 2766 699 2821 pietatem
731 2765 872 2806 diserte
906 2764 1052 2806 docuit.
1097 2765 1139 2805 In
1163 2765 1283 2807 altera
1302 2767 1521 2820 justitiam.
1569 2766 1611 2807 In

119 2850 181 2891 illa
215 2848 407 2898 ostendit,
441 2849 643 2905 quomodo
672 2850 799 2891 Deum
831 2864 874 2890 ae
905 2857 1085 2905 parentes
1119 2858 1279 2890 nostros
1313 2850 1437 2891 colere
1471 2849 1612 2891 debea-

118 2948 216 2975 mus.
258 2933 301 2974 In
323 2933 406 2983 hac,
432 2933 633 2989 quomodo
657 2934 790 2975 alienis
815 2933 944 2975 debita
968 2932 1096 2973 officia
1116 2942 1373 2990 p1·aestemuS‚
1400 2949 1608 2976 noceamus
