1867 3301
802 189 987 262 283*

102 330 185 372 vide,
218 345 339 385 supra
369 330 417 370 ad
442 329 536 370 Gon.
562 330 700 379 XMX,
730 329 794 371 14.
839 331 1011 372 Textum
1040 348 1074 372 v.
1103 330 1154 373 16
1189 333 1304 373 solita
1339 336 1488 373 inscitia
1513 350 1600 375 eor*

97 416 204 471 rupit
224 412 504 470 Gumpaeliius,
529 414 659 470 legens
683 397 814 473 ΕΝῙἯ
835 418 890 481 ἽΞΙ
919 414 1029 456 »Gau
1050 424 1086 456 et
1110 415 1309 471 populus«
1333 431 1405 472 pro
1429 403 1596 477 '0³¹7'73

216 513 280 538 vv.
308 495 509 539 19—22.
559 497 719 554 Pugnae
760 500 884 554 ipsius
927 498 1229 554 descriptionem
1264 499 1345 554 jam
1379 508 1490 541 antea
1532 482 1599 556 per

98 583 213 622 curri.
267 580 433 635 Quinam
468 580 614 621 suerint
647 583 709 621 isti
742 597 857 637 reyes
889 584 969 622 sive
1001 582 1135 637 requli
1166 582 1280 623 docet
1309 582 1467 625 Josuae
1497 584 1599 625 liber

97 680 128 706 e.
151 664 218 706 Xl.
269 663 333 706 Ad
351 671 586 720 puynantes
609 665 744 706 stellas
767 665 874 721 quod
899 668 1048 715 attinet,
1083 668 1301 707 meminerit
1325 667 1446 708 lector
1468 667 1596 710 stellas

97 763 145 791 ex
177 749 438 790 Isratlitarum
471 750 662 789 sententia
695 746 883 790 conficere
925 751 1131 790 micmtem
1174 752 1388 791 exeicitum
1422 751 1596 793 Jehovae

95 828 425 882 nt&:3‚u11de
458 831 615 889 fulgura
648 841 685 873 et
718 841 844 873 ce·te1a
877 833 1030 874 divinae
1062 836 1141 874 irae
1175 836 1287 890 sinna
1320 850 1420 890 prov
1425 837 1594 886 enirent3

97 916 144 957 cl.
167 917 260 957 luc.
284 916 352 966 IX,
377 915 446 958 54.
480 916 623 957 Matth.
647 916 794 965 XXVI,
821 916 889 958 53.
930 916 1047 958 Haud
1071 916 1246 958 absimile
1270 917 1366 958 illud
1390 927 1459 967 est,
1488 919 1596 974 quod

98 1000 144 1041 de
178 1000 296 1041 heroe
329 1015 401 1041 suo
434 1000 635 1057 praedicat
658 999 898 1042 Claudianus
923 997 986 1053 (de
1013 1010 1102 1043 telt.
1127 1016 1234 1043 cons.
1257 1001 1427 1043 Honorii
1450 1001 1594 1059 Paneg.

96 1099 160 1124 vv.
186 1082 241 1126 96
265 1081 391 1142 sqq.):

412 1220 439 1255 O
463 1220 615 1254 nimium
640 1218 770 1255 dilecte
794 1218 873 1264 deo,
897 1220 953 1254 eui
978 1218 1095 1254 fundit
1120 1218 1165 1254 ab
1189 1221 1301 1255 antris

410 1290 546 1326 Aeolus
570 1297 726 1325 armzuas
750 1290 899 1336 hiemes,
924 1292 982 1327 cui
1003 1291 1135 1326 militat
1157 1291 1293 1335 aether,

409 1362 453 1398 Et
478 1362 661 1411 conjurati
685 1364 835 1399 veniunt
858 1362 904 1399 ad
927 1363 1077 1399 classica
1098 1363 1218 1399 venti!

212 1502 390 1544 Asfixum
414 1502 596 1544 vocabuli
628 1507 791 1571 ἾᾙὛᾎζζ
824 1503 950 1545 refero
980 1503 1028 1544 ad
1052 1504 1187 1546 hostes
1212 1503 1479 1555 Canaanaeos,
1515 1507 1595 1547 col-

92 1587 233 1627 lectivo
268 1583 318 1633 ΠΣ
352 1587 613 1643 significatos,
656 1589 721 1643 qui
763 1602 886 1644 equos
929 1602 1023 1628 suos
1066 1587 1114 1628 ad
1154 1590 1404 1644 praecipitem
1446 1589 1591 1646 sugam,

93 1670 200 1710 haud
231 1670 342 1711 aliter
374 1678 491 1727 atque
513 1670 689 1727 Argivus
722 1671 783 1712 ille
807 1670 1093 1712 Thebanorum
1125 1671 1252 1713 hostis
1287 1687 1400 1728 quem
1433 1672 1594 1730 Sopho-

91 1753 166 1795 cles
203 1750 356 1811 (Antig.
394 1750 494 1806 108)
532 1754 702 1803 inducit,
745 1763 790 1795 ut
822 1769 937 1811 quem
980 1770 1145 1812 surgens
1185 1755 1345 1797 Aurora
1385 1759 1595 1800 excitasset

91 1836 270 1893 φυγάδα
303 1836 552 1894 πρόδρομον
583 1834 769 1894 ὀξυτέρῳ
803 1836 1013 1894 κινήσασα
1045 1837 1222 1895 χαλίνῳ.

212 1937 248 1962 ν.
273 1920 342 1962 23.
393 1922 435 1962 Ιιι
457 1930 571 1963 textu
593 1930 732 1963 nostro
758 1922 941 1979 legimus:
976 1905 1169 1990 ἣκζτᾶήξῖῆ
1194 1926 1246 1984 D
1272 1955 1281 1964 .
1303 1955 1311 1964 .
1332 1956 1340 1964 .
1366 1919 1476 1986 ἷἸἾρ
1501 1923 1592 1972 U&

90 2000 304 2051 mmmm
337 2008 445 2074 ΓΊᾏΠὛ
478 2007 652 2066 noym.
711 2005 813 2047 Ulbs
853 2005 918 2047 illa
949 2006 1096 2048 Meroe
1126 2006 1196 2048 ubi
1229 2009 1303 2049 sita
1336 2010 1404 2058 sit,
1448 2011 1592 2051 nemini

90 2088 219 2130 adhuc
251 2091 437 2130 innotuit.
487 2068 688 2131 Sententii
723 2098 853 2130 autem
887 2090 1028 2132 horum
1062 2089 1275 2132 verbmum
1307 2092 1402 2133 nihil
1436 2093 1591 2148 plinius

89 2188 172 2214 csse
194 2181 340 2230 potest.
373 2173 552 2214 Fuerunt
573 2173 732 2229 quidam
755 2174 946 2224 homines,
975 2176 1064 2230 qui,
1089 2189 1210 2231 quum
1227 2190 1275 2232 p1
1279 2175 1421 2233 osugos
1441 2177 1589 2227 hostes,

88 2271 158 2313 per
180 2271 274 2297 suos
308 2271 426 2313 agros
458 2258 606 2313 passim
628 2257 818 2314 palanteS‚
853 2257 1031 2299 facillime
1055 2260 1275 2315 opprimere
1299 2269 1474 2316 possent,
1508 2276 1591 2303 non

89 2355 133 2381 co
168 2348 278 2382 erant
309 2355 401 2398 erga
430 2340 624 2382 Israelitas
657 2340 812 2391 studio,
852 2349 898 2383 ut
931 2340 1236 2384 Canaanitarum
1268 2343 1414 2385 cladem
1447 2359 1590 2401 augere

87 2423 248 2473 vellent,
297 2423 366 2465 scd
413 2426 549 2480 potius
588 2439 659 2481 per
698 2424 793 2466 fines
836 2440 931 2466 suos
974 2425 1138 2467 liberum
1179 2424 1339 2468 devictis
1380 2430 1588 2470 transitum

86 2507 330 2564 praeberent.
384 2508 520 2564 Longe
561 2508 671 2550 aliter
701 2507 857 2558 Jahela,
901 2511 969 2565 qui
1012 2508 1149 2550 ducem
1188 2511 1317 2566 ipsum
1351 2511 1411 2553 vel
1453 2520 1589 2553 eontra

86 2591 251 2647 hospitii
284 2591 352 2646 jus
391 2594 568 2648 peremit.
622 2593 756 2649 Itaque
796 2592 891 2633 haec
929 2592 1092 2634 solemni
1126 2607 1238 2649 prece
1272 2602 1310 2635 et
1340 2594 1456 2636 bonis
1491 2597 1588 2636 omi-

87 2673 204 2715 nibus
246 2675 441 2716 cumulata
478 2684 554 2716 est:
602 2676 656 2717 illi
688 2691 781 2718 vero
817 2675 911 2717 diris
945 2675 1211 2726 devoventur,
1252 2677 1429 2719 Jehovae
1461 2681 1586 2735 ipsius

87 2759 257 2799 nomine.
318 2757 374 2799 Ita
420 2760 520 2799 enim
569 2759 839 2816 explicandam
880 2774 963 2801 esse
1003 2760 1241 2802 locutionem
1282 2745 1585 2831 ’ΠΤἼΠὛΤῘθ-ζῌζ)

89 2842 211 2882 cuivis
245 2840 353 2882 facile
385 2841 633 2897 probabitur.
682 2843 895 2885 Verissimc
929 2843 1020 2884 olim
1043 2843 1260 2886 Herderus:
1296 2844 1447 2887 »Omne
1479 2861 1585 2902 sym-

85 2922 271 2974 bolum,«
304 2926 444 2982 inquit,
479 2927 587 2968 »sive
619 2941 680 2969 res
713 2927 891 2978 visibilis,
925 2926 999 2970 sub
1033 2941 1110 2985 qua
1135 2927 1241 2971 Deus
1273 2927 1481 2971 invisibilis
1514 2944 1584 2987 ap-
