1867 3301
805 200 1056 279 2²54.

109 344 262 400 Itaque,
303 351 349 384 ut
386 341 599 384 remedium
640 340 715 382 sibi
755 342 977 398 expediret,
1019 339 1184 382 adscivit
1222 339 1426 382 lectionem
1459 340 1604 381 codicis

111 426 346 468 Samaritani
375 429 562 485 ἾΠΞὨζὲὛ
597 425 845 482 cmrfortavz’t
875 440 976 466 eum.
1027 424 1105 466 Sed
1138 424 1275 480 quidni
1308 424 1442 465 similis
1466 438 1604 466 sensus

109 512 149 551 in
180 518 336 566 recepto
369 489 486 550 textu
515 489 790 550 contineatur?
820 508 918 550 Nam
951 513 1060 575 Νξῒτῇ
1095 507 1313 564 significare
1345 515 1478 563 potest
1510 523 1604 549 con-

108 593 246 635 venire
278 593 474 650 aliquem,
500 600 670 649 praesto
705 594 865 645 adesse,
901 592 1096 634 assistere.
1161 591 1218 632 Ita
1250 593 1288 631 in
1322 590 1416 633 Gen.
1440 590 1554 639 XVI,
1579 589 1603 630 7

109 675 261 718 Jchova
300 691 371 733 per
401 678 623 717 ministrum
656 691 770 717 suum
803 676 958 717 invenit
986 680 1115 742 ΝξΤΞἿ
1148 676 1171 715 i.
1196 689 1228 715 e.
1263 675 1447 716 convenit
1475 673 1606 730 Haga-

108 774 211 809 ram,
245 760 306 801 vel
338 762 372 800 ei
403 768 560 816 praesto
595 759 746 800 adstitit
776 750 813 800 in
849 759 1016 800 deserto.
1075 739 1132 799 'Et
1161 757 1313 808 Rosea,
1349 760 1415 814 qui
1449 757 1499 798 ad
1529 757 1606 798 hoc

109 844 299 883 canticum
349 845 506 900 saepius
553 845 749 900 respexit,
799 842 959 884 eandem
1005 842 1244 883 locutionem
1284 849 1487 882 mutuatus
1528 849 1602 882 cst:

108 908 279 993 ‘725371'477
325 932 493 994 *na-egr?
541 927 725 993 Ἶξηῳξ.
773 929 980 993 ειπῃςῃξ,
1032 927 1172 982 »quasi
1220 940 1318 966 uvas
1367 926 1404 965 in
1450 924 1603 965 deserto

111 989 255 1050 offendi
295 1010 356 1051 vel
396 1012 527 1051 inveni
565 990 711 1051 Israel«
747 1007 836 1063 (IX,
865 989 959 1062 10),
1003 1008 1050 1050 cf.
1082 1008 1188 1058 XIII,
1215 1007 1260 1049 5:
1309 1013 1485 1077 ΣΓΠῺἾἾ
1525 1012 1606 1068 “³2⁸3

109 1094 312 1161 ἾᾉἾΕῌ,
347 1109 446 1150 »ego
481 1096 669 1151 cognovi,
704 1096 728 1135 i.
753 1109 785 1135 e.
819 1094 996 1142 visitavi,
1030 1101 1067 1134 te
1099 1093 1139 1133 in
1165 1091 1362 1133 deserta«
1403 1091 1468 1132 Ad
1490 1091 1605 1132 finem

107 1179 312 1232 proximae
354 1177 548 1218 clausulae
588 1177 736 1218 adscivi
776 1175 1086 1218 emendationem
1120 1174 1380 1232 Houbigantii
1419 1178 1606 1235 ἾΠΞὨΨ)

107 1274 181 1316 pro
212 1260 374 1318 vulgato
407 1256 542 1329 {027⁸-
593 1260 783 1317 Sequitur
815 1262 913 1301 enim
949 1260 1159 1315 descriptio
1185 1273 1318 1308 curae,
1355 1273 1433 1314 qua
1453 1238 1607 1299 jehova

108 1358 224 1385 suum
263 1344 458 1401 populum
497 1344 667 1394 foveret,
711 1344 834 1385 donec
866 1343 1078 1386 Jeshurum
1120 1346 1241 1411 3722ss
1270 1343 1442 1414 pinfflbis
1463 1340 1607 1398 factus

111 1434 229 1482 esset,
263 1443 301 1469 ν.
330 1427 395 1470 15.
452 1426 511 1470 Cf.
544 1428 685 1470 Jerem.
704 1428 754 1477 V,
779 1427 857 1478 28,
893 1429 979 1484 qui,
1014 1436 1060 1468 ut
1091 1427 1205 1477 alias,
1246 1425 1390 1467 librum
1422 1425 1606 1467 Jashara-

108 1526 222 1562 num,
255 1511 337 1562 vel,
372 1513 405 1552 si
436 1513 572 1561 mavis,
605 1511 957 1553 Deuteronomium
990 1513 1177 1552 imitatur.

226 1595 269 1636 In
301 1611 338 1636 v.
366 1593 417 1636 17
457 1577 613 1637 notabis
645 1595 851 1636 relativum
883 1596 944 1637 vel
977 1594 1213 1636 vocabulum
1247 1592 1433 1635 definiens
1467 1601 1606 1650 quater

110 1680 318 1729 omissum,
353 1679 463 1736 quod
494 1681 534 1720 in
566 1679 642 1721 hoc
674 1682 823 1721 cantico
858 1681 1013 1736 saepius
1043 1680 1232 1728 occurrit,
1266 1679 1495 1734 praesertim
1517 1685 1605 1718 ante

107 1762 339 1818 particulam
369 1745 444 1808 &¹7
475 1765 676 1805 notionem
706 1762 889 1804 vocabuli
920 1771 1147 1820 negantem,
1182 1761 1228 1803 cf.
1253 1761 1292 1811 5,
1319 1759 1387 1803 21.
1434 1761 1478 1801 In
1497 1760 1605 1801 Jere-

109 1848 207 1887 miae
247 1848 464 1888 imitatione
500 1844 565 1900 (11,
594 1844 664 1899 11)
705 1846 894 1887 habemus
937 1828 1106 1908 ΠὛΠῚἺὶξζ
1147 1829 1221 1890 &¹7
1260 1848 1406 1912 mgr-n.
1468 1843 1605 1900 Neque

110 1929 173 1971 hic
205 1944 342 1971 versus
382 1945 464 1971 non
507 1938 566 1970 est
604 1929 746 1987 dignus
786 1909 1258 1986 observatione'propter
1289 1908 1424 1969 vocem
1456 1924 1602 1988 ΕὛἾΨ,

110 2014 268 2054 nonnisi
300 2013 364 2054 hic
403 2022 441 2054 et
471 2013 534 2054 Ps.
562 2012 670 2062 CVI,
697 2012 750 2054 37
785 2013 953 2054 obviam.
1017 2013 1057 2054 In
1091 2021 1262 2069 utroque
1294 2012 1381 2053 Ioco
1414 2011 1602 2068 plerique,

109 2096 401 2138 Alexandrinos
434 2097 547 2138 LXX
587 2105 625 2138 et
654 2096 872 2154 Vulgatum
912 2104 1138 2153 sequentes,
1181 2095 1353 2137 reddunt
1389 2094 1604 2150 δαιμόνια,

111 2180 340 2234 daemones,
376 2180 723 2238 »quandoquidem
743 2182 977 2223 recentiores
1000 2180 1139 2222 ,ludaei
1161 2179 1266 2221 idola
1289 2179 1497 2221 daemones
1520 2194 1603 2220 esse

110 2264 322 2321 putabant,
358 2267 426 2321 qui
457 2264 504 2305 ab
538 2264 764 2306 hominihus
797 2280 838 2306 se
870 2264 943 2306 coli
968 2272 1239 2321 paterentur.«
1285 2263 1342 2305 At
1362 2277 1456 2304 vero
1481 2278 1603 2320 quum

111 2350 183 2390 iste
222 2348 402 2390 Psahnus
442 2357 621 2390 nostrum
660 2349 809 2399 Iocum,
851 2357 896 2390 ut
934 2348 1030 2390 alios
1072 2348 1192 2404 hujus
1233 2349 1389 2396 cantici,
1430 2349 1603 2388 imitetur

111 2428 175 2485 (ef.
202 2448 234 2474 e.
257 2447 296 2489 g.
319 2432 436 2474 Deut.
458 2432 629 2482 XXXII,
652 2431 723 2474 40.
755 2432 821 2474 Ps.
847 2431 953 2482 CVI,
979 2430 1064 2484 26),
1097 2446 1179 2472 nou
1212 2438 1372 2487 oportet
1397 2429 1447 2470 ad
1471 2444 1603 2471 recen-

110 2517 229 2557 tiores
261 2515 522 2558 Israelitarum
560 2518 859 2573 superstitiones
893 2515 1116 2572 confugere.
1180 2514 1284 2555 Idem
1317 2513 1495 2555 Psalmus
1527 2527 1600 2554 nos

112 2597 226 2640 docet
258 2597 312 2652 (v,
336 2597 408 2653 28)
449 2603 699 2657 praecipuam
730 2599 972 2642 Judacorum
1012 2599 1162 2655 culpam
1203 2601 1242 2639 in
1281 2613 1326 2639 eo
1365 2598 1599 2647 constitisse,

113 2681 223 2739 quod
252 2681 546 2725 Baal-Peorem
587 2683 793 2725 obscoenis
826 2682 966 2724 ritibus
1000 2682 1182 2723 colerent.
1248 2680 1367 2735 Quod
1398 2680 1602 2722 confirmat

112 2765 208 2807 alter
239 2765 301 2807 ille
332 2769 458 2808 nostri
491 2769 626 2808 cantici
659 2769 844 2815 imitator,
877 2766 1028 2807 Hoseas
1060 2774 1168 2807 vates
1203 2762 1293 2818 (IX,
1316 2764 1382 2806 10.
1415 2764 1520 2814 XIII,
1545 2761 1599 2816 1).

110 2849 335 2899 Praeterea,
377 2851 410 2890 si
441 2865 576 2892 verum
607 2850 707 2900 vidi,
749 2852 918 2906 scriptor
948 2849 1190 2890 Jasharanus
1229 2864 1310 2891 non
1349 2851 1482 2905 potuit
1520 2863 1601 2889 non

112 2942 286 2991 spectare
318 2932 368 2976 ad
399 2947 487 2976 eum
518 2933 664 2975 cultum
696 2935 764 2990 qui
795 2933 1012 2989 relligiosae
1042 2933 1233 2990 probitati
1264 2948 1335 2990 per
1367 2947 1407 2975 se
1440 2941 1478 2975 et
1506 2945 1600 2988 prae

1272 3013 1314 3049 15
