1867 3301
945 192 1007 239 74

230 337 408 383 hortum,
432 337 519 391 rqui
561 336 717 375 nonnisi
759 347 873 374 sanae
914 347 956 373 ac
992 335 1077 388 piae
1112 335 1249 374 mentis
1284 333 1507 373 fruitionem
1541 333 1712 381 denotat,

229 422 269 460 in
306 418 569 476 geographica
607 417 673 457 illa
710 416 895 458 Armenia
934 416 1159 465 collocavit,
1210 430 1279 457 nee
1317 415 1415 471 lapsi
1456 415 1626 457 hominis
1667 415 1715 457 ab

230 501 368 543 arbore
399 500 700 542 immortalitatis
733 499 912 540 exsilium
944 501 1078 556 potuit
1109 514 1128 539 a
1156 500 1372 540 necessaria
1397 497 1618 540 celebrioris
1634 499 1715 555 Jam

230 593 267 626 et
297 584 572 641 frequentioris
603 582 742 639 populi
775 584 1005 639 migratione
1040 582 1265 623 discernere.
1317 582 1461 622 Verum
1491 583 1592 623 enim
1623 595 1716 624 vero

231 668 383 709 ethnica
421 667 486 708 illa
525 668 744 722 primaevae
785 665 886 707 sedis
929 674 967 707 et
1007 664 1291 707 cunabulorum
1334 664 1530 706 derelictio
1572 664 1716 706 nullam

229 750 364 807 culpae
397 749 718 807 significationem
749 763 841 805 prae
875 763 915 790 se
949 747 1113 798 ferebat,
1148 748 1217 789 sed
1244 750 1379 803 potius
1402 750 1715 804 antiquissimum

230 834 300 876 Dei
340 833 543 875 consilium
585 831 635 873 ad
670 832 845 874 effectum
878 832 1081 873 conduxit.
1145 821 1188 872 ld
1219 832 1318 871 enim
1351 832 1543 886 principio
1579 830 1713 879 voluit,

230 926 274 959 ut
305 918 482 959 homines
516 925 656 958 terram
687 915 891 972 implerent
925 912 1038 968 (Gen.
1061 914 1095 963 Ι,
1122 912 1206 966 28).
1262 911 1341 954 Nec
1371 913 1529 955 Judaeis
1562 915 1717 955 ceteris-

230 1016 305 1058 que
336 999 472 1042 mundi
504 999 640 1041 ineolis
663 1013 836 1055 unquam
860 999 1023 1039 vetitum
1045 1006 1121 1046 est,
1157 1011 1203 1037 ne
1226 999 1264 1037 in
1287 996 1511 1038 Armeniam
1531 996 1715 1038 redirent.

231 1083 379 1127 Contra
410 1091 539 1124 autem
571 1084 664 1124 satis
699 1081 870 1122 ostendit
901 1080 1219 1137 hieroglyphieae
1252 1080 1337 1121 illae
1362 1078 1638 1122 Cheruborum
1660 1082 1717 1121 vi-

230 1168 361 1224 giliae,
405 1166 548 1224 quibus
582 1168 707 1207 omnis
740 1164 790 1206 ad
821 1164 1123 1205 immortalitatis
1156 1163 1334 1205 arborem
1373 1162 1502 1204 aditus
1535 1164 1717 1206 interclu-

230 1250 405 1300 debatur,
439 1250 539 1291 hanc
570 1248 911 1305 protoplastorum
943 1262 992 1288 ex
1015 1246 1146 1290 Edene
1180 1246 1450 1303 expulsionem
1482 1247 1716 1303 relligiosam

230 1334 355 1375 saltim
387 1331 711 1389 significationem
737 1333 776 1372 in
798 1345 837 1372 se
860 1330 1061 1372 admittere
1090 1355 1134 1360 m
1161 1345 1320 1387 nempe,
1355 1337 1534 1386 parentes
1556 1330 1715 1372 humani

229 1418 402 1474 generis,
437 1423 600 1471 propter
633 1417 914 1456 contumaciam
948 1428 1077 1463 suam,
1120 1428 1227 1470 spem
1261 1413 1382 1462 illam,
1419 1427 1496 1470 qua
1527 1428 1567 1454 se
1598 1414 1717 1455 laeta-

230 1508 382 1549 verant,
433 1498 734 1540 immortalitatis
785 1507 821 1539 et
864 1496 1127 1539 similitudinis
1168 1511 1254 1538 cum
1295 1496 1378 1538 Deo
1420 1495 1716 1553 consequendae

228 1586 390 1626 miseros
423 1585 561 1625 misere
593 1583 786 1631 amisisse,
828 1596 954 1638 neque
987 1596 1069 1622 eam
1102 1588 1401 1637 recuperaturos
1435 1594 1537 1630 esse,
1576 1582 1652 1621 nisi
1684 1582 1715 1622 si

229 1670 316 1724 quis
348 1681 497 1708 novum
529 1665 579 1707 ad
609 1664 790 1707 arborem
824 1667 924 1706 vitae
957 1664 1105 1706 aditum
1136 1665 1314 1720 aperiret.
1365 1661 1515 1720 Operae
1546 1665 1715 1719 pretium

229 1753 301 1793 crit
331 1750 521 1792 nonnulla
552 1750 599 1791 de
631 1749 930 1806 hieroglyphico
966 1749 1073 1790 vetiti
1105 1747 1211 1789 horti
1242 1747 1438 1804 praesidio
1473 1746 1677 1789 discutere.

348 1832 515 1876 Constat
561 1834 741 1889 antiquas
791 1833 952 1873 orientis
998 1833 1196 1880 nationes,
1247 1845 1324 1886 qua
1364 1839 1473 1871 erant
1510 1845 1632 1887 purae
1673 1845 1716 1871 ac

227 1926 345 1976 putae
378 1918 626 1974 cogitationis
659 1916 921 1972 impatientia,
964 1914 1024 1955 vel
1056 1916 1205 1970 majora
1237 1914 1333 1955 coeli
1365 1913 1509 1954 lumina
1541 1913 1715 1956 Deorum

228 2002 313 2043 loeo
348 2001 535 2050 coluisse,
571 2000 631 2042 vel
663 1999 790 2041 saltim
812 2000 963 2040 minora
985 2006 1090 2040 astra
1112 2006 1354 2055 ceterasque,
1388 2011 1486 2054 quae
1509 1996 1582 2038 sub
1604 2012 1715 2054 aspe-

227 2094 331 2127 ctum
363 2085 540 2141 aliosque
572 2098 708 2126 sensus
742 2082 908 2132 cadunt,
942 2090 1103 2124 naturae
1135 2088 1349 2137 potestates
1381 2089 1420 2122 et
1446 2081 1713 2137 phaenomena

228 2183 379 2210 summo
413 2169 563 2209 numini
594 2175 781 2224 tanquam
813 2166 996 2209 satellites
1020 2180 1063 2206 ac
1084 2166 1284 2206 ministros
1308 2163 1546 2220 adjunxisse.
1594 2164 1715 2206 Israe-

227 2252 335 2300 litae,
379 2252 446 2306 qui
488 2265 510 2291 a
548 2250 814 2306 polytheismo
857 2258 894 2290 et
924 2248 1166 2298 idololatria,
1210 2256 1399 2305 quantum
1431 2247 1514 2289 fieri
1544 2255 1711 2303 poterat.

227 2333 511 2382 abhorrebant,
554 2332 659 2374 hunc
698 2340 828 2373 tamen
860 2332 919 2373 vel
961 2331 1107 2373 cultum
1139 2332 1199 2371 vel
1231 2330 1486 2387 symbolicam
1517 2332 1712 2372 materiem

227 2432 378 2474 semper
411 2419 451 2458 iu
483 2417 623 2458 vicinia
654 2429 726 2457 sua
757 2424 795 2456 et
826 2417 938 2471 quasi
971 2413 1020 2455 oh
1055 2414 1189 2455 oculos
1223 2412 1430 2455 habebant.
1491 2413 1712 2470 Aegyptios

230 2502 424 2550 viderant,
459 2501 526 2557 qui
548 2499 681 2541 Solem
705 2498 766 2540 vel
786 2498 857 2541 Ra
887 2512 1038 2539 summo
1060 2497 1234 2539 Deorum
1268 2495 1395 2537 ordini
1427 2495 1711 2545 adscribebant,

228 2594 266 2626 et
296 2584 455 2626 eandem
486 2583 755 2625 adorationem
786 2584 826 2623 in
856 2581 1075 2623 Palaestina
1107 2595 1266 2637 quoque
1302 2580 1467 2621 valuisse
1500 2579 1714 2622 ostendunt

227 2668 339 2724 plura
382 2666 548 2723 oppida,
591 2665 736 2722 quibus
777 2680 918 2708 nomen
958 2662 1297 2709 Beth-Shemesh
1327 2666 1351 2705 i.
1382 2678 1413 2704 e.
1449 2663 1710 2705 »domicilium

228 2751 348 2793 solis«
372 2751 432 2792 vel
453 2748 733 2794 Ir-Slwmeslt
763 2752 788 2791 i.
813 2765 844 2791 e.
878 2748 1000 2791 »urbs
1023 2748 1144 2790 solis«
1167 2745 1444 2800 (Ἡλιόπολις)
1467 2746 1633 2789 inditum
1655 2756 1713 2788 est

228 2832 268 2886 (1
299 2833 402 2876 Sam.
426 2833 500 2883 Vl,
528 2832 592 2875 15.
637 2833 721 2875 Jos.
748 2832 863 2884 XIX,
887 2831 964 2883 22,
989 2831 1063 2882 38,
1087 2829 1173 2885 41).
1233 2830 1477 2887 Quamquam
1505 2830 1708 2879 Israelitm‘,

229 2932 307 2960 non
340 2918 509 2959 universi
542 2917 687 2967 saltim,
723 2919 762 2959 in
794 2917 898 2959 hune
930 2915 1074 2959 cultum
1107 2913 1367 2964 declinabant,
1404 2922 1530 2956 tamen
1559 2922 1603 2956 ut
1623 2913 1712 2970 plu-
