1867 3301
256 327 423 371 Easdem
448 326 704 383 jubilationes
736 326 871 381 templi
903 326 1234 366 consecrationem
1266 322 1478 365 celebrasse
1503 325 1632 379 quivis
1655 337 1747 365 con-

259 413 417 454 cesserit
449 408 553 463 (vide
585 410 728 450 Psalm.
751 408 934 459 LXVIII,
958 407 1012 450 25
1037 405 1156 464 sqq.).
1218 407 1270 448 Et
1300 415 1447 448 certum
1479 414 1538 447 est
1569 405 1670 447 hauc
1701 405 1747 447 de

260 496 408 535 eunctis
439 494 622 534 Israelitis
653 491 983 550 praedicationem
1015 507 1095 532 non
1126 492 1303 547 potuisse
1337 488 1530 531 conscribi
1561 497 1655 545 post
1673 488 1749 530 Be-

258 577 437 619 thelicam
470 576 572 617 illam
593 575 813 616 Jerobeami
846 575 1120 616 idololatriam.
1167 574 1225 614 Ita
1256 581 1300 613 ut
1331 573 1395 613 hic
1425 586 1585 629 quoque
1615 580 1749 613 notam

262 662 447 716 temporis
488 673 762 716 agnoscamus.
826 658 867 698 In
901 673 937 697 v.
963 656 1039 706 22,
1081 658 1152 698 etsi
1193 658 1329 712 optimi
1369 658 1598 711 interpretes
1631 657 1671 696 in
1702 669 1748 696 eo

261 745 511 784 consentiunt
558 741 667 797 quod
714 740 786 782 sub
834 743 991 782 nomine
1032 744 1141 785 ΕΝἿ
1179 755 1260 780 non
1297 745 1576 792 monocerota,
1623 751 1750 794 neque

261 840 426 882 mysgyem
456 825 518 865 vel
551 825 663 865 aliam
696 824 1004 880 qualemcunque
1037 803 1250 878 capream,
1285 823 1353 863 sed
1385 822 1524 863 bovem
1555 821 1752 878 buffelum

260 909 502 965 intelligunt,
540 917 665 949 tamen
699 907 896 948 mirificam
928 905 1194 946 difficultatem
1227 907 1378 960 peperit
1398 903 1635 945 vocabulum
1662 903 1752 960 plu-

259 992 338 1034 rale
371 986 550 1051 Dfflylrfl.
601 990 643 1032 Si
668 998 815 1031 ceteros
842 989 963 1038 locos,
997 987 1066 1029 ubi
1092 992 1200 1033 ΕΝἾ
1222 987 1433 1037 inducitur,
1465 1001 1749 1043 comparamus,

259 1055 487 1131 praesertim
510 1073 626 1115 Dent.
650 1072 838 1121 XXXIII,
863 1071 927 1121 17,
961 1071 1124 1113 bestiam
1156 1079 1358 1112 cornutam
1391 1079 1429 1111 et
1460 1069 1644 1111 cornibus
1669 1071 1751 1111 suis

263 1160 392 1199 omnia
433 1165 667 1198 sternentem
707 1164 794 1197 ante
828 1155 964 1196 oculos
996 1154 1205 1204 habemus,
1249 1156 1311 1197 eui
1343 1153 1585 1195 fortitudinis
1617 1155 1751 1210 potius

261 1257 304 1282 ae
343 1240 500 1282 roboris
542 1254 660 1296 quam
707 1239 890 1295 agilitatis
932 1238 1164 1295 significatio
1208 1239 1426 1279 conveniat.
1488 1237 1619 1278 Prima
1656 1236 1752 1278 facie

260 1327 381 1381 igitur
412 1324 591 1380 amplecti
624 1322 810 1364 debemus
837 1322 1035 1378 vulgatam
1059 1323 1277 1362 versionem
1298 1320 1601 1378 fortitudinem,
1636 1334 1753 1376 quam

263 1406 456 1455 Onkelos,
507 1406 655 1463 Syrus,
705 1414 743 1447 et
782 1404 911 1447 Arabs
953 1404 1112 1461 Erpenii
1151 1406 1358 1445 sustinent.
1420 1403 1594 1444 Eandem
1632 1404 1754 1459 signi-

262 1491 481 1531 ficationem
516 1489 580 1530 alii
612 1489 699 1530 loco
733 1489 947 1544 injungunt
969 1486 1050 1540 (Ps.
1073 1486 1198 1537 XCV,
1221 1484 1280 1540 4),
1313 1486 1383 1528 ubi
1413 1489 1539 1553 ΠἾἼζἹ
1571 1480 1755 1545 Diffi-23⁸5&

262 1576 302 1615 in
333 1581 471 1614 nostra
492 1575 673 1613 versione
706 1572 752 1613 de
774 1571 1024 1628 fortitudine
1049 1573 1243 1612 montium
1264 1570 1505 1627 intelligitur.
1555 1568 1643 1623 Quo
1665 1569 1753 1610 Ioco

263 1671 384 1713 quum
418 1655 674 1697 altitudinem
704 1657 896 1695 montium
928 1654 992 1695 alii
1025 1654 1279 1710 significatam
1300 1653 1440 1702 velint,
1474 1655 1529 1693 ita
1559 1653 1622 1693 hic
1654 1667 1755 1709 quo-

263 1755 338 1797 que
351 1738 675 1781 Rosenniiillerus
694 1740 891 1778 existimat
912 1740 1022 1782 DNW
1045 1731 1212 1795 nffljin
1234 1751 1318 1778 esse
1337 1735 1437 1777 idem
1456 1735 1565 1792 quod
1576 1734 1754 1777 Arabum

263 1821 356 1888 &³93
383 1820 488 1871 &fiel
524 1822 644 1863 elatio
678 1836 936 1877 caprearum,
970 1835 1048 1876 qua
1072 1800 1208 1876 phrasi
1230 1818 1381 1861 Arabes
1403 1818 1576 1860 indicent
1596 1833 1754 1875 capreas

264 1908 387 1962 eapite
426 1920 583 1946 sursum
622 1905 722 1945 elato
764 1906 1001 1960 arrectisque
1034 1903 1196 1944 auribus
1230 1902 1404 1951 adstare,
1448 1901 1489 1943 id
1520 1900 1630 1958 quod
1660 1901 1756 1943 haec

264 1989 444 2031 animalia
465 2003 557 2044 prae
581 1989 776 2029 alacritate
800 1987 951 2029 soleant
973 1986 1108 2028 facere.
1152 1985 1249 2035 Alii,
1284 1994 1328 2026 ut
1351 1984 1554 2034 Gesenius,
1588 1984 1756 2026 celerem

264 2081 302 2113 et
334 2072 509 2113 velocem
541 2086 703 2112 cursum
741 2071 982 2127 intelligunt,
1029 2083 1146 2125 quam
1186 2068 1507 2125 significationem
1549 2082 1637 2109 cum
1666 2067 1754 2109 loco

262 2155 408 2196 Psalmi
439 2170 469 2195 s.
494 2155 517 2195 l.
542 2162 581 2196 et
601 2153 692 2195 Job.
709 2153 833 2203 XXII,
859 2152 934 2194 25:
967 2147 1152 2210 ΠἽΞΉἿΠ
1183 2155 1299 2220 ἠΰ),
1334 2151 1402 2193 ubi
1422 2157 1578 2193 montes
1599 2150 1758 2206 aryenti

267 2236 412 2291 (Plaut.
434 2237 518 2278 Mil.
548 2237 599 2292 gl.
623 2237 688 2285 IV,
714 2236 753 2286 2,
779 2234 864 2288 73),
901 2238 924 2277 i.
949 2250 980 2276 e.
1011 2237 1146 2292 ingens
1169 2236 1355 2291 pecuniae
1378 2236 1502 2290 copia,
1536 2241 1667 2290 aperte
1689 2232 1757 2274 de-

266 2322 453 2369 claratur,
502 2334 615 2360 nemo
656 2320 804 2375 poterit
845 2318 1062 2359 conciliare.
1128 2317 1402 2370 Quaerendum
1441 2325 1520 2367 est,
1565 2330 1755 2373 quaenam

239 2404 498 2461 ,significatio
534 2417 619 2443 cum
652 2403 759 2442 vocis
792 2409 923 2457 etymo
957 2409 995 2441 et
1026 2415 1113 2441 eum
1143 2400 1204 2441 his
1236 2400 1333 2441 Iocis
1365 2400 1414 2441 ad
1445 2401 1630 2440 amussim
1661 2413 1755 2439 con·
1793 2447 1796 2450 y

264 2495 393 2543 gruat.
456 2486 542 2527 ‚Jam
574 2499 668 2526 vero
702 2498 838 2526 vocem
878 2484 977 2524 hanc
1016 2482 1066 2524 ad
1103 2482 1271 2524 radicem
1304 2486 1390 2550 *lm
1418 2482 1612 2531 referunt,
1655 2495 1755 2537 quae

267 2570 427 2611 denotet
459 2568 730 2625 dqf'cztiyatum
762 2582 856 2620 esse,
891 2575 928 2608 et
959 2581 1080 2623 quum
1111 2565 1303 2607 lassitudo
1336 2574 1415 2607 tam
1446 2580 1469 2607 a
1500 2565 1612 2606 celeri
1637 2578 1756 2606 cursu

268 2668 384 2709 quam
424 2668 445 2693 a
485 2650 686 2693 montibus
726 2649 977 2692 ascendendis
1020 2658 1059 2691 et
1097 2649 1359 2706 comparanda
1394 2649 1558 2705 pecunia
1591 2649 1752 2697 oriatur,

267 2735 343 2776 sibi
390 2734 573 2776 videntur
621 2736 749 2775 omnia
796 2736 890 2775 satis
939 2741 1026 2790 apte
1073 2733 1326 2789 explicuisse!
1373 2731 1579 2773 Fuerstius
1626 2738 1755 2772 autem

269 2816 483 2871 (concord.
509 2833 548 2874 p.
569 2815 670 2871 505)
704 2819 1050 2873 transpositionem
1082 2817 1282 2858 literarum
1315 2815 1520 2872 confingit,
1553 2822 1670 2870 atque
1700 2814 1755 2854 ita

269 2902 318 2943 ad
356 2900 525 2944 radicem
556 2906 642 2968 9522
668 2909 938 2943 transcurrens
970 2894 1134 2969 ΠΞτἈ-ζἿΠ
1164 2899 1294 2942 reddit
1325 2899 1499 2949 »locum,
1541 2898 1609 2953 qui
1638 2896 1754 2953 longe
