1867 3301
875 175 1155 249 *HQ*

681 329 937 358 PRAEFECTUS
971 329 1093 357 CHORI
1126 329 1177 356 AI)
1212 327 1360 356 REGEM.

271 393 381 419 Psalm.
391 390 481 421 XLV.

439 431 481 470 [8]
514 403 634 445 Amas
659 402 867 457 justitiam,
903 407 941 441 et
972 400 1186 455 nequitiam
1222 397 1362 447 odisti3

514 486 707 541 Quocirca
739 485 851 524 auxit
881 491 919 524 te
952 482 1072 532 Deus,
1105 482 1212 523 Deus
1245 490 1352 531 tuus,

515 569 611 612 Oleo
644 569 811 609 laetitiae
843 581 936 624 prae
971 567 1106 608 ceteris
1139 564 1313 622 regibus.

439 665 480 701 [9]
512 652 737 709 Myrrham,
772 650 905 700 aloen,
940 652 1082 692 casiam
1114 649 1300 690 exhalant
1331 649 1563 690 vestimenta
1595 656 1676 690 tua.

513 737 545 778 E
576 736 730 793 palatiis
763 734 944 776 eburneis
977 743 1014 775 te
1034 723 1219 774 'fidicines
1253 731 1485 773 exhilarant.

417 831 480 870 [10]
513 820 634 863 Filiae
665 834 801 877 regum
834 827 927 859 sunt
958 819 1058 859 inter
1089 816 1245 873 pellices
1277 824 1379 857 tuas.

514 904 666 961 Regina
677 917 839 945 consors
851 902 1011 944 dextrae
1023 910 1114 942 tuae
1125 900 1254 942 adstat
1267 913 1363 940 auro
1377 897 1595 955 Ophiritico
1613 908 1761 957 operta.

547 1072 782 1100 PRAEFECTA
816 1071 938 1098 CHORI
970 1069 1181 1097 MULIEBRIS
1215 1068 1266 1096 AD
1300 1068 1491 1095 REGINAM.

939 1149 1052 1184 Sti-opha
1075 1149 1099 1177 2.

422 1247 485 1286 [11]
518 1236 647 1287 Audi,
681 1235 771 1286 filia,
804 1233 893 1276 vide
925 1242 963 1275 et
995 1233 1183 1283 ausculta,
1237 1292 1243 1297 ἡ

518 1320 757 1363 Obliviscere
787 1320 936 1375 patriae
968 1326 1232 1374 paternaeque
1266 1315 1420 1358 domus.

420 1416 482 1452 [12]
519 1405 633 1447 Tunc
664 1410 822 1460 appetet
852 1416 923 1443 rex
953 1400 1288 1459 pulchritudinem
1320 1408 1450 1450 tuam3

514 1487 614 1531 Nam
645 1487 707 1528 ille
740 1486 921 1527 dominus
953 1494 1046 1526 tuus
1080 1493 1158 1535 est3
1190 1484 1299 1525 illum
1330 1486 1451 1541 igitur
1483 1497 1679 1525 venerare.

420 1583 484 1620 [13]
518 1572 570 1614 Et
601 1571 735 1627 Tyrus
769 1584 855 1610 cum
889 1568 1155 1609 oblationibus
1189 1576 1267 1609 stat
1298 1582 1428 1609 coram
1459 1575 1510 1617 te,

515 1655 742 1698 Ditissimus
775 1654 942 1709 quisque
975 1653 1145 1693 nationis
1178 1650 1249 1692 tibi
1282 1649 1519 1692 adulabitur.

820 1809 954 1837 EADEM
988 1810 1039 1835 AD
1071 1808 1221 1835 REGEM.

422 1917 484 1953 [14]
519 1906 777 1961 Summopere
789 1902 993 1960 magnifica
1006 1901 1115 1943 sedet
1126 1904 1228 1958 regis
1241 1900 1319 1942 filia
1329 1903 1368 1942 in
1381 1902 1565 1944 interiore
1576 1901 1762 1943 conclavi.

514 1990 675 2032 Vestem
706 1987 826 2029 habet
856 1987 921 2028 illa
954 1968 1050 2028 auro
1083 1987 1346 2027 intertextam.

423 2084 486 2123 [15]
518 2074 561 2116 In
592 2072 695 2129 palla
727 2086 798 2112 acu
829 2073 1027 2127 variegata
1060 2069 1109 2111 ad
1140 2084 1271 2126 regem
1303 2067 1531 2110 adducitur:

515 2158 615 2199 Post
635 2171 717 2198 eam
740 2154 789 2196 ad
809 2163 847 2196 te
870 2154 1069 2195 ducuntur
1086 2155 1256 2210 virgines
1280 2167 1378 2209 quae
1401 2167 1483 2194 cam
1506 2153 1761 2202 comitantum

420 2250 483 2290 [16]
515 2239 781 2282 Adducuntur
812 2253 899 2279 cum
930 2236 1076 2295 gaudio
1110 2245 1148 2278 et
1178 2236 1463 2286 exsultatione3

516 2323 710 2366 Palatium
741 2323 844 2378 regis
876 2323 1089 2362 introeunt.

422 2418 486 2458 [17]
518 2408 624 2451 Loco
658 2412 864 2462 parentum
896 2403 962 2444 filii
996 2402 1067 2443 tihi
1101 2411 1226 2452 erunt,

516 2491 568 2534 Et
599 2491 815 2532 constitues
847 2501 914 2529 eos
946 2488 987 2528 in
1020 2487 1125 2528 omni
1156 2494 1259 2527 terra
1290 2487 1498 2542 principes.

702 2646 855 2674 CHORUS
889 2645 1098 2673 MULIEBRIS
1129 2643 1181 2670 AD
1213 2642 1334 2670 DEUM.

422 2751 485 2790 [18]
519 2737 845 2784 commemorabo
878 2752 1021 2779 nomen
1050 2746 1162 2779 tuum
1195 2738 1234 2777 in
1267 2750 1400 2777 omnes
1431 2736 1723 2793 generatione53

516 2825 732 2881 Propterea
769 2821 988 2864 laudabunt
1022 2829 1060 2862 te
1091 2829 1224 2877 gentes
1258 2822 1298 2862 in
1329 2821 1563 2877 sempiterna
1593 2817 1757 2860 saecula.
