1867 3301
922 215 1020 261 108

227 360 312 399 loco
352 358 448 397 lucis
492 357 685 413 reliquum
727 365 827 405 erat,
870 357 984 396 novis
1026 358 1051 396 ii
1092 356 1261 398 tenebris
1304 356 1571 398 obfuscarunt.
1637 357 1716 400 Sed

227 441 420 499 quidquid
463 441 508 482 de
551 440 715 481 duarum
758 441 935 495 priorum
977 439 1238 481 clausularum
1279 442 1598 496 interpretatione
1638 450 1716 482 sta-

229 527 359 575 tueris,
396 526 584 567 neminem
619 525 798 579 oportuit
829 523 947 564 latere
972 523 1145 564 ultimam
1168 523 1365 573 lineolam,
1400 539 1499 580 quae
1522 539 1715 565 summum

227 610 417 652 honorem
451 617 488 650 et
521 607 826 648 dominationem
850 606 1068 662 pollicetur,
1103 622 1183 647 non
1205 621 1322 663 posse
1345 606 1394 648 ad
1417 606 1583 661 Qainum
1605 622 1714 664 spec-

228 702 319 735 tare.
378 691 477 734 Nam
515 692 667 747 gemina
705 689 929 732 conditione
961 692 1168 746 proposita
1200 691 1294 732 haec
1326 690 1445 732 verba
1476 690 1525 732 ad
1557 691 1715 733 alteram

225 778 538 833 propositionem
578 777 769 832 respicere
803 773 962 823 debent,
1006 773 1073 815 ubi
1106 776 1274 817 sumitur
1306 773 1472 828 Qainum
1503 790 1585 816 non
1617 775 1714 817 bene

226 860 293 902 sed
323 860 431 901 male
462 858 668 900 facturum·
732 857 877 899 Eadem
909 857 1047 907 verba,
1081 860 1240 899 mutatis
1273 858 1483 908 mutandis,
1517 861 1555 899 in
1589 860 1713 914 capite

226 945 356 986 statim
389 942 638 985 antecedente
671 950 883 984 occurrunt
905 937 1019 992 (Gen.
1042 940 1108 991 III,
1138 938 1219 994 16),
1256 941 1323 982 ubi
1355 941 1598 998 significatur
1627 956 1713 983 mu-

224 1028 355 1069 lierem
388 1029 473 1069 viro
516 1041 588 1068 suo
630 1025 849 1081 subjectum
890 1025 949 1065 iri.
1013 1024 1119 1080 Ergo
1154 1032 1312 1080 oportet
1343 1025 1448 1066 hunc
1480 1025 1712 1068 versiculum
1743 1036 1745 1039 ’

226 1112 438 1160 declarare,
473 1110 641 1167 aliquem
674 1111 726 1159 ei,
762 1110 830 1165 qui
852 1110 905 1149 ita
927 1107 1193 1164 compellatur,
1227 1110 1267 1148 in
1289 1107 1476 1150 ditionem
1499 1123 1710 1150 cessurum.

224 1196 447 1243 Praeterea,
491 1196 523 1234 si
562 1195 676 1234 >tertia
716 1191 889 1233 clausula
926 1190 1135 1233 secundam
1167 1193 1297 1233 statim
1329 1200 1575 1248 sequeretur,
1616 1192 1713 1235 nihil

225 1288 345 1329 esset,
389 1292 468 1335 quo
510 1276 722 1318 masculina
753 1275 818 1316 illa
848 1277 1128 1331 pronominum
1161 1274 1422 1317 additamenta
1453 1275 1587 1318 referri
1618 1290 1712 1333 pos-

225 1371 321 1405 sent.
385 1360 484 1403 Nam
516 1362 674 1427 ΠΝᾮΓ)
706 1358 906 1401 foeminini
936 1360 1088 1415 generis
1123 1367 1192 1401 est.
1249 1358 1393 1413 Quidni
1425 1368 1607 1416 putemus
1639 1374 1712 1401 no-

226 1456 321 1496 tam,
364 1460 478 1502 quam
520 1444 698 1485 nonnulli
729 1443 1045 1484 Masoretharum
1084 1442 1133 1484 ad
1166 1458 1201 1484 v.
1232 1441 1259 1485 8
1296 1444 1533 1499 appingunt,
1574 1457 1711 1500 nempe

224 1535 344 1599 1:502
377 1533 560 1576 93:728:
592 1532 756 1596 ΝΡΟΕΞ,
793 1527 956 1568 »lacuna
988 1529 1028 1567 in
1059 1525 1186 1568 medio
1216 1541 1391 1576 versus«,
1427 1525 1473 1567 de
1505 1526 1580 1568 hoe
1612 1541 1712 1584 quo-

225 1629 299 1671 que
339 1620 527 1654 commate
559 1610 715 1653 valere?
754 1610 805 1652 Et
837 1625 956 1667 quum
997 1612 1037 1651 in
1069 1624 1100 1651 c.
1122 1609 1181 1651 Ill.
1215 1609 1367 1651 Jehova
1402 1618 1481 1651 tam
1512 1609 1708 1652 mulierem

224 1712 341 1754 quam
372 1698 501 1737 virum
533 1695 767 1751 alloquatur,
803 1693 940 1750 quidni
971 1708 1186 1750 ponamus,
1224 1693 1264 1734 id
1296 1693 1405 1750 quod
1436 1707 1506 1749 per
1539 1707 1578 1734 se
1610 1695 1710 1734 veri-

224 1780 459 1822 simillimum
491 1787 567 1828 est,
601 1778 727 1820 Deum
759 1776 894 1818 ambos
928 1776 1064 1819 fratres
1088 1770 1399 1834 compellavisse,
1434 1778 1488 1817 ita
1509 1784 1554 1817 ut
1574 1776 1710 1818 ultima

223 1866 317 1906 haec
357 1863 529 1905 clausula
570 1877 660 1919 pars
700 1864 751 1903 sit
791 1876 925 1903 eorum
957 1860 1168 1903 verborum
1205 1859 1349 1917 quibus
1381 1859 1572 1903 Habelum
1605 1874 1710 1902 com-

222 1946 436 2005 probavit?

340 2031 402 2072 Ex
433 2032 520 2086 ipso
553 2030 628 2071 loci
660 2037 849 2071 contextu
886 2036 1048 2085 apparet
1081 2027 1246 2082 Qainum
1281 2027 1437 2069 fratrem
1470 2042 1584 2069 suum
1616 2043 1709 2084 pro-

224 2124 354 2172 pterea
386 2117 423 2156 vi
456 2122 494 2155 et
525 2115 639 2154 armis
673 2127 901 2169 aggressum
934 2127 1035 2162 esse,
1076 2114 1168 2169 quia
1198 2112 1274 2152 hoc
1305 2112 1376 2153 Dei
1410 2110 1565 2153 effatum
1598 2111 1709 2153 audi-

224 2207 342 2239 verat.
400 2197 504 2251 Quid
537 2196 721 2252 quaeris?
753 2196 861 2237 istud
893 2196 1049 2237 effatum
1082 2194 1229 2251 aliquid
1259 2194 1408 2236 Habelo
1442 2194 1706 2251 promittebat,

223 2280 331 2338 quod
364 2279 487 2334 Qaino
529 2279 751 2335 ademptum
793 2287 886 2320 erat.
949 2278 1048 2320 Illud
1086 2278 1134 2320 ad
1166 2280 1440 2335 praerogativa
1470 2280 1708 2336 primogeni-

222 2374 331 2406 turae
367 2363 423 2404 vel
463 2362 666 2419 privilegia
705 2364 840 2403 aetatis
881 2370 1096 2417 spectasse,
1137 2361 1356 2417 significant
1389 2361 1467 2402 duo
1500 2362 1596 2411 Ioci,
1639 2360 1706 2403 ubi

221 2448 357 2489 fratres
390 2455 485 2488 natu
516 2446 684 2501 majores
716 2447 812 2486 iram
845 2446 1071 2501 concipiunt
1094 2452 1132 2485 et
1152 2452 1316 2485 mortem
1339 2446 1568 2485 minitantur
1590 2441 1704 2497 (Gen.

220 2531 383 2580 XXVII,
402 2528 472 2572 41.
495 2528 698 2579 XXXVII,
719 2528 770 2571 18
788 2526 906 2586 sqq).
946 2527 1075 2584 Atque
1098 2527 1193 2568 illud
1216 2535 1274 2568 est
1295 2527 1508 2569 observatu
1530 2527 1703 2585 dignum,

221 2613 383 2655 verbum
422 2596 562 2680 ι’)ζζὲᾭ,
608 2612 716 2670 quod
754 2613 873 2670 hujus
913 2612 987 2652 loci
1020 2611 1222 2667 emphasin
1253 2612 1440 2660 sustinet,
1484 2626 1635 2653 summa
1666 2614 1705 2654 vi

222 2705 453 2752 usurpatum
496 2711 579 2737 esse
618 2711 640 2736 a
671 2696 834 2752 Josephi
874 2694 1079 2743 fratribus,
1124 2709 1243 2750 quum
1284 2695 1445 2735 minoris
1485 2703 1580 2736 natu
1611 2710 1704 2751 pro-

220 2781 375 2821 missam
409 2779 714 2821 dominationem
746 2777 1029 2836 indignabundi
1060 2779 1243 2833 rejiciunt
1269 2774 1381 2830 (Gen.
1404 2778 1615 2828 XXXVII,
1639 2777 1702 2832 8):

221 2863 303 2928 ³22
343 2845 504 2908 ¹7an
541 2847 817 2930 &imp-1:2⁴3,
868 2865 996 2904 »itane
1037 2876 1128 2903 vero
1176 2863 1369 2918 imperans
1418 2861 1532 2904 nobis
1582 2864 1703 2918 impe-

220 2944 383 2987 rabis?«
