1867 3301
820 195 1010 267 323..

122 336 317 394 populum
349 335 516 393 aliquem
548 337 586 377 in
619 338 766 393 specie,
812 338 879 393 qui
912 344 1040 379 tamen
1074 337 1112 378 h.
1136 337 1160 378 l.
1195 345 1297 378 esset
1329 336 1617 394 intelligendus,

124 423 157 461 si
189 420 238 461 ad
270 419 544 470 Solomonem,
579 435 709 477 regem
740 419 1023 470 Israelitarum,
1065 429 1205 462 auctor
1237 428 1463 477 spectasset.
1511 420 1618 478 Ergo

122 504 313 545 Davidem
346 504 391 545 de
423 504 570 545 Messia
601 503 675 544 sibi
707 506 918 560 promisso,
960 519 1234 561 quameunque
1268 503 1314 545 de
1347 518 1392 545 eo
1426 506 1620 560 cognitio-

123 602 210 628 nem
252 586 451 636 habuerit,
495 602 574 628 non
614 587 660 628 de
693 602 766 628 suo
800 590 924 644 ipsius
956 588 1036 629 filio
1072 596 1110 629 et
1141 587 1280 630 herede
1314 588 1489 629 locutum
1522 602 1618 629 csse.

123 670 250 712 Facile
283 679 342 712 est
372 671 570 712 intellectu
601 686 730 728 regem
764 673 871 713 senio
906 671 1147 722 consectum,
1194 686 1315 728 quum
1348 680 1513 712 mortem
1545 670 1620 712 sibi

124 756 443 811 appropinquare
484 754 653 804 videret,
705 763 743 796 et
783 747 832 795 ad
873 757 975 796 vitae
1017 771 1109 797 suae
1152 755 1357 796 decursum
1397 757 1618 811 respiceret,

122 838 245 879 multa
274 838 595 888 recordaturum,
630 852 730 894 quae
762 839 890 879 minus
921 838 1040 888 bene,
1075 841 1191 879 immo
1226 839 1419 895 flagitiose
1452 837 1618 881 fecisset.

126 920 256 975 Quum
288 923 409 978 igitur
443 930 545 963 esset
575 922 696 963 homo
731 936 882 963 summa
912 923 1075 977 pietate,
1117 921 1249 963 indole
1282 937 1371 963 vere
1403 922 1622 963 Jasharana

125 1013 173 1054 et,
208 1005 257 1045 ad
278 1005 519 1062 relligionem
541 1004 650 1062 quod
672 1007 821 1055 attinet,
857 1005 991 1046 divino
1015 1007 1158 1061 spiritu
1179 1004 1350 1055 afflatus,
1385 1020 1466 1046 non
1487 1006 1622 1062 potuit

124 1103 205 1128 non
235 1090 455 1144 perspicere
488 1088 590 1129 illam
625 1088 883 1138 faustitatem,
919 1103 1036 1145 quam
1068 1097 1181 1130 antea
1214 1086 1270 1143 (in
1294 1089 1451 1130 Psalmo
1474 1085 1618 1141 XVHI)

124 1179 309 1228 tanquam
343 1187 430 1213 cum
459 1187 530 1213 sua
550 1172 749 1229 probitate
772 1174 1018 1229 conjunctam
1041 1172 1317 1229 praedicasset,
1352 1187 1469 1229 quam
1491 1181 1622 1213 autem

124 1254 230 1311 Deus
260 1255 478 1297 Jasharano
510 1256 662 1312 populo
695 1258 954 1313 promisisset,
990 1265 1058 1298 aut
1088 1258 1157 1297 uni
1191 1265 1259 1298 aut
1289 1258 1433 1297 nemini
1467 1255 1620 1306 deberi3

125 1341 158 1380 ei
190 1339 334 1380 scilicet
355 1354 470 1396 quem
492 1339 598 1380 Deus
620 1343 769 1396 peccati
791 1342 1034 1381 immunitate
1058 1340 1234 1382 donaret.
1276 1340 1477 1381 Praevidit
1501 1341 1623 1396 igitur

125 1432 336 1464 venturum
358 1423 570 1480 aliquando
593 1439 729 1465 verum
750 1424 1134 1481 R‘Ielchitzedequum
1156 1424 1218 1464 vel
1238 1409 1431 1465 ιῙτιδΐὶίὶὶιιε
1450 1424 1619 1479 Reyem,

125 1509 193 1563 qui
215 1507 324 1548 velut
354 1507 414 1548 sol
446 1522 623 1549 recreans
658 1509 833 1549 oriturus
858 1517 970 1557 esset,
1007 1510 1073 1565 qui
1100 1509 1327 1549 intaminata
1348 1508 1433 1549 luce
1456 1506 1623 1564 fulgeret

126 1589 334 1646 dispellens
366 1591 501 1632 nubila
521 1593 740 1648 pravitatis,
776 1592 888 1647 cujus
909 1591 1010 1632 radii
1032 1593 1236 1632 sanitatem
1259 1591 1485 1632 hominibus
1509 1591 1623 1632 ass'er-

124 1681 210 1715 rent
243 1670 351 1727 (Mal.
374 1674 433 1724 III,
460 1672 546 1728 20),
582 1675 693 1731 eujus
727 1677 913 1731 auspiciis
946 1675 1065 1716 homo
1100 1677 1240 1716 iterum
1274 1679 1375 1743 ἾΨἾΤ
1398 1675 1519 1725 fieret,
1554 1677 1623 1731 qui

125 1757 313 1799 carnalem
357 1757 550 1799 humanae
589 1767 752 1800 naturae
783 1761 997 1815 nequitiam
1030 1760 1142 1815 quasi
1176 1760 1264 1816 igne
1296 1758 1484 1800 aurifabri
1517 1772 1624 1800 com-

123 1841 301 1891 bureret,
343 1844 454 1898 quasi
489 1857 637 1899 sapone
668 1841 863 1883 fullonum
895 1843 1040 1883 elueret
1072 1850 1109 1883 et
1141 1842 1331 1898 eliquaret
1362 1838 1472 1895 (Mal.
1494 1842 1554 1891 III,
1580 1840 1619 1882 3.

124 1924 203 1966 Jes.
225 1925 252 1974 I,
278 1923 347 1974 25,
372 1923 440 1974 28,
465 1922 552 1977 31),
587 1927 654 1982 qui
688 1940 810 1982 quum
836 1926 970 1981 justos
1004 1941 1047 1967 ac
1077 1928 1167 1982 pios
1189 1925 1368 1967 homines
1391 1925 1441 1967 ad
1462 1927 1622 1967 immor-

127 2009 239 2049 talem
271 2010 391 2049 vitam
423 2008 669 2059 conduceret,
708 2011 850 2065 impios
884 2018 1012 2051 autem
1046 2018 1083 2051 et
1115 2009 1286 2050 carnales
1321 2018 1506 2066 tanquam
1538 2023 1622 2050 sca-

124 2091 268 2134 bellum
299 2091 443 2148 pedum
477 2107 640 2134 suorum
671 2093 917 2135 conculcaret
939 2091 1021 2146 (Ps.
1047 2092 1131 2143 CX,
1160 2091 1196 2135 1.
1228 2093 1321 2134 Mal.
1345 2093 1404 2143 III,
1431 2090 1518 2146 21),
1554 2094 1621 2149 qui

126 2190 247 2232 quum
280 2175 338 2217 far
359 2176 454 2217 utile
486 2178 526 2217 in
557 2176 743 2218 horreum
775 2186 1044 2235 congregaret,
1077 2177 1222 2233 paleaS,
1257 2178 1441 2226 zizanias,
1476 2185 1515 2217 et
1541 2178 1623 2233 spi-

126 2275 194 2300 nas
228 2261 308 2316 igni
341 2260 632 2317 inextinguibili
665 2260 912 2303 combureret
944 2259 1103 2314 (Matth,
1126 2261 1185 2311 Ill,
1214 2258 1298 2314 12).

553 2505 605 2548 IN
638 2504 919 2548 CANTICUM
953 2504 1190 2548 SEXTUM.

244 2677 386 2718 Veram
408 2677 528 2719 fuisse
544 2678 774 2735 Rudingeri,
802 2677 942 2727 Grotii,
966 2677 1210 2733 aliorumque
1234 2677 1477 2725 sententiam,
1502 2687 1620 2731 quam

126 2760 348 2810 Michaelis,
381 2761 563 2811 Dathius,
597 2761 941 2803 Rosenmucllerus
974 2760 1202 2817 repudiant,
1243 2775 1326 2801 esse
1359 2760 1435 2800 hoc
1467 2772 1620 2800 carmen

126 2844 299 2900 nuptiale
331 2845 413 2885 sive
445 2844 749 2900 epithalamium,
789 2844 898 2901 quod
931 2843 1158 2885 Solomonis
1192 2858 1278 2884 cum
1310 2845 1413 2899 regis
1445 2842 1619 2898 Aegypti

126 2927 216 2977 filia,
250 2941 377 2968 uxore
409 2927 492 2982 ejus
524 2931 753 2986 praecipua,
795 2930 954 2983 nuptias
987 2935 1100 2968 canat
1131 2924 1170 2979 (1
1196 2927 1294 2983 Reg.
1318 2926 1385 2972 ΙΙΙ,
1414 2923 1467 2975 1),
1503 2938 1621 2980 argu-

1264 3005 1335 3040 21*
