1867 3301
108 305 177 333 Gen.
192 305 216 333 X
223 305 245 333 X
252 305 329 337 VIII.

130 348 328 383 11-19.111]

265 746 329 783 [12]

268 998 332 1033 [131

268 1416 332 1452 [141

266 1836 330 1873 [15]

267 2172 330 2208 [16]

272 2341 333 2375 [17]

272 2509 333 2543 [18]

274 2759 335 2793 [19]

140 2818 212 2845 Gen.
224 2817 337 2850 XXIX,

187 2863 200 2886 1
221 2868 287 2895 sqq.

835 177 898 224 93

362 317 533 360 Jacobus
568 319 687 375 igitur
720 331 899 374 egressus
934 317 983 358 ad
1014 308 1142 358 locum
1176 315 1369 372 quendam
1402 318 1600 372 pervenit,

364 404 404 443 In
438 417 529 459 quo,
573 416 693 458 quum
727 402 786 443 sol
813 402 895 457 jam
930 401 1154 450 occidisset,
1197 400 1507 456 pernoctandum
1541 415 1614 456 pu-

830 487 941 526 tavit.

364 568 557 611 Adhibito
592 571 713 626 igitur
744 584 816 625 pro
851 569 1026 610 cervicali
1060 583 1140 609 uno
1175 583 1193 609 0
1224 567 1432 624 lapidibus,
1469 570 1535 624 qui
1563 567 1615 608 ibi

834 661 962 702 erant,
999 652 1197 693 dormivit.

362 737 403 779 In
431 738 584 777 somnio
609 745 736 777 autem
756 735 855 787 vidit
881 737 1040 785 scalam,
1072 744 1193 777 terrac
1215 737 1409 785 innixam,
1438 735 1504 776 sed
1529 749 1616 777 coc-

832 820 909 861 111111
937 822 1098 860 summis
1130 818 1319 876 gradibus
1348 821 1612 875 attingentem,

363 904 438 946 Per
470 917 586 960 quam
619 905 785 945 ministri
818 903 889 945 Dei
923 902 1185 945 ascendebant
1217 912 1255 944 et
1287 902 1591 944 descendebant:

365 988 406 1029 111
440 1003 589 1029 summa
623 1002 715 1028 vcro
750 987 852 1028 scala
883 987 1036 1029 Jehova
1069 989 1195 1037 stetit,
1235 1001 1400 1044 eumque
1434 989 1488 1027 510
1520 986 1615 1027 allo-

834 1079 946 1113 cutus
981 1080 1059 1114 est:

365 1155 478 1212 »Ego
519 1170 604 1196 sum
645 1154 798 1196 Jehova
837 1156 944 1196 Deus
975 1154 1194 1196 Abrahami
1232 1153 1294 1196 avi
1335 1156 1393 1196 tui
1434 1162 1472 1195 01
1508 1154 1614 1195 Deus

832 1239 971 1289 Isaaci,

366 1323 527 1364 Terram
560 1324 599 1363 in
633 1337 710 1379 qua
743 1322 889 1364 dormis
924 1322 1026 1364 dabo
1059 1323 1130 1364 tihi
1163 1325 1411 1379 posterisque
1443 1324 1542 1372 tuis;

366 1407 571 1463 Eruntque
603 1415 665 1447 tot
695 1409 844 1462 posteri
876 1409 955 1457 tui,
991 1415 1161 1464 quantus
1196 1415 1255 1447 051
1285 1415 1409 1449 terrae
1441 1407 1590 1463 pulvis3

365 1491 440 1532 Per
473 1490 711 1533 occidentem
743 1499 781 1532 et
814 1493 1022 1541 orientem,
1055 1507 1127 1548 per
1152 1493 1456 1548 septentrionem
1480 1499 1517 1532 et
1537 1505 1616 1531 me-

831 1575 968 1616 ridiem
1002 1574 1283 1625 diffundentur,

365 1658 416 1700 Et
460 1661 499 1700 in
543 1667 577 1700 te
619 1667 657 1700 et
694 1661 882 1716 progenie
922 1668 992 1700 tua
1032 1675 1166 1701 omnes
1205 1668 1396 1701 terrarum
1436 1659 1614 1699 nationes

831 1743 958 1785 felices
992 1752 1118 1785 erunt.

363 1827 449 1884 Ego
477 1841 570 1868 vero
603 1826 674 1868 tibi
699 1842 883 1884 praesens
913 1827 1045 1877 adero,
1081 1841 1318 1884 quocunque
1342 1828 1441 1867 viam
1466 1824 1613 1875 feceris,

363 1910 414 1952 Et
444 1919 481 1952 te
513 1913 553 1952 in
584 1911 685 1952 hanc
715 1911 892 1953 tellurem
924 1911 1119 1953 reducam.
1599 1894 1602 1896 .

362 1993 498 2051 Neque
530 2009 703 2052 unquam
736 2004 773 2037 10
807 1995 998 2046 deseram,
1034 1997 1149 2051 quin,
1185 2008 1284 2051 quae
1316 1992 1387 2034 tibi
1409 1995 1612 2050 promitto,

834 2087 971 2121 cuncta
1002 2080 1275 2136 praestitero«

366 2162 469 2203 Tum
502 2161 674 2203 Jacobus
708 2163 1003 2220 expergefactus
1036 2165 1107 2204 ait:
1143 2160 1349 2203 »Profecto
1372 2160 1525 2202 Jehova
1557 2169 1615 2202 est

832 2249 871 2288 in
901 2247 976 2288 1100
1005 2247 1112 2297 1000,
1147 2255 1187 2287 at
1216 2261 1288 2303 ego
1319 2244 1583 2287 nesciebaml«

366 2331 617 2387 Pavensque:
653 2329 807 2385 »Quam
829 2330 1063 2380 verendus«,
1100 2332 1247 2393 inquit,
1283 2338 1369 2371 »est
1399 2330 1461 2371 hic
1486 2329 1612 2370 locus!

364 2415 468 2456 Haec
501 2423 559 2456 cst
589 2430 670 2456 non
701 2417 775 2455 nisi
810 2415 922 2456 aedes
955 2414 1047 2464 Dei,
1082 2415 1177 2456 haec
1209 2422 1268 2454 est
1298 2422 1415 2470 porta
1448 2412 1589 2454 coeli!«

368 2498 497 2553 Quum
518 2497 655 2540 deinde
673 2501 910 2541 surrexisset
920 2498 1105 2548 Jacolms,
1130 2485 1310 2554 lapidem,
1331 2511 1409 2553 quo
1428 2505 1614 2552 tanquam

822 2583 1000 2624 cervicali
1018 2597 1114 2623 usus
1132 2589 1225 2630 erat,
1245 2583 1283 2621 in
1302 2582 1459 2636 cippum
1477 2581 1612 2629 erexit,

364 2665 416 2707 Et
447 2665 549 2707 fudit
581 2666 707 2707 oleum
742 2682 861 2723 super
893 2667 976 2721 ejus
1009 2667 1211 2715 verticem,

367 2748 418 2790 Et
448 2749 577 2791 locum
610 2750 717 2791 illurn
748 2749 919 2791 Beth-el
947 2750 1176 2790 nominavit.

371 2830 458 2885 Quo
500 2831 601 2875 facto
643 2835 715 2875 iter
754 2848 869 2875 suum
910 2835 949 2874 in
988 2835 1186 2889 regionem
1228 2830 1451 2872 orientalem
1484 2844 1615 2887 perse-

834 2915 1039 2973 quebatur.
