1867 3301
947 189 977 235 8

214 334 276 374 his
308 331 425 374 rebus
458 330 698 373 elucidandis
730 329 865 386 paullo
899 328 1158 385 negligentius
1191 330 1332 370 versati
1367 335 1488 370 erant.
1542 326 1594 370 Ut
1623 343 1703 370 uno

220 415 398 472 exemplo
442 414 652 470 desungarg
694 412 789 469 quid
827 411 876 452 ad
908 412 1182 452 christianismi
1214 413 1414 453 veritatem
1448 411 1706 468 comproban-

219 500 307 541 dam
340 500 500 555 gravius
534 497 749 553 excogitari
781 503 931 551 potest,
973 508 1089 550 quam
1122 495 1275 536 illorum
1308 497 1531 536 testimonia
1562 497 1629 552 qui
1662 495 1707 538 de

218 583 313 623 Jesu
352 584 388 621 in
430 582 548 620 vitam
588 579 717 620 reditu
758 578 871 619 fidem
911 592 1021 618 suam
1059 577 1367 634 praestiterunt?
1413 577 1576 618 Maximi
1617 593 1708 619 sane

220 674 355 706 nostra
397 663 534 712 refert,
576 670 621 702 ut
661 662 755 702 haec
786 662 1010 702 testimonia
1041 662 1143 702 inter
1174 675 1214 701 se
1248 669 1485 717 congruant,
1528 669 1574 702 ut
1603 661 1710 703 nulla

220 748 272 789 ibi
307 747 566 802 discrepantia
599 752 832 800 compareat.
882 742 967 784 Jam
992 758 1085 784 vero
1108 742 1255 784 Paulus
1289 742 1338 783 ad
1361 741 1589 785 Corinthios
1616 746 1710 785 scri-

220 831 316 871 bens
351 827 391 881 (1
421 828 512 870 Cor.
544 828 633 878 XV,
665 824 804 880 4—7)
840 829 939 868 inter
968 827 1060 867 alias
1094 825 1441 882 ChristophaniaS,
1477 841 1574 884 quas
1604 827 1711 869 nulla

223 928 342 970 opera
383 927 469 953 cum
501 911 840 968 Evangelistarum
880 909 1172 950 narrationibus
1215 909 1417 950 conciliare
1449 910 1555 960 licet,
1594 925 1711 951 unam

223 1004 471 1044 annumerat,
509 995 554 1035 de
578 1009 655 1050 qua
677 994 748 1043 illi,
784 1002 828 1034 ut
850 992 1017 1042 videtur,
1041 1007 1207 1048 prorsus
1229 1000 1376 1033 tacent:
1409 989 1554 1032 ἔπειτα
1576 989 1712 1047 ὤφθη

214 1078 415 1135 Ἰακώβῳ.
460 1077 643 1119 Profecto
678 1077 774 1117 nihil
806 1075 968 1131 impedit
993 1077 1204 1131 quominus
1237 1075 1331 1115 haec
1353 1089 1445 1115 vera
1475 1074 1614 1116 suisset
1633 1090 1714 1116 ma-

224 1163 442 1211 nifestatio,
478 1162 627 1202 etiamsi
648 1159 921 1216 Evangelistae
955 1173 1036 1199 eam
1059 1158 1119 1199 vel
1153 1157 1334 1198 consulto
1358 1157 1418 1198 vel
1448 1157 1714 1213 imprudentes

227 1248 460 1287 omisissent.
523 1243 579 1284 At
618 1245 814 1283 enimvero
855 1242 970 1298 longe
1009 1242 1198 1296 majorem
1237 1242 1435 1296 utrisque,
1479 1248 1558 1281 tam
1588 1241 1713 1282 Paulo

227 1344 343 1387 quam
376 1328 595 1375 historicis,
629 1325 746 1366 fidem
777 1324 980 1373 faciemus,
1015 1326 1047 1364 si
1081 1325 1255 1365 evincere
1283 1338 1496 1379 possumus
1517 1338 1565 1364 ne
1586 1323 1716 1365 Evan-

226 1413 383 1469 gelistas
418 1409 573 1467 quidem
605 1409 654 1450 ad
685 1424 807 1450 unum
841 1422 973 1450 omnes
1007 1407 1110 1448 illam
1143 1405 1281 1448 Jacobi
1311 1403 1530 1464 αὖτοψίαν
1562 1407 1715 1448 silentio

226 1495 547 1552 praetermisisse.
613 1491 731 1545 Quod
767 1490 946 1547 equidem
979 1493 1091 1532 certis
1125 1489 1380 1547 quibusdam,
1424 1491 1495 1531 etsi
1526 1489 1634 1530 haud
1664 1491 1717 1530 ita

228 1578 462 1626 manifestis,
505 1577 678 1632 vestigiis
720 1589 852 1615 eruere
891 1573 1076 1616 conabor.
1143 1572 1260 1627 Quod
1292 1575 1324 1614 si
1358 1581 1559 1614 assecutus
1591 1571 1715 1623 fuero,

229 1677 309 1703 non
341 1660 460 1701 modo
494 1659 800 1715 locupletissimo
833 1659 942 1706 testi,
976 1657 1120 1706 Paulo,
1161 1672 1233 1698 sua
1265 1655 1460 1698 constabit
1491 1657 1716 1705 auctoritas,

230 1759 364 1786 verum
388 1746 501 1784 etiam
525 1741 780 1783 confutavero
804 1740 932 1781 fictam
955 1740 1057 1781 illam
1080 1755 1123 1780 ac
1144 1739 1292 1781 futilem
1314 1739 1576 1788 traditionem,
1603 1753 1719 1795 quam

231 1843 280 1869 cx
305 1827 518 1883 Evangelio
553 1823 766 1866 secundum
787 1823 989 1864 Hebraeos
1023 1825 1157 1864 citavit
1176 1821 1461 1879 Hieronymus,
1496 1822 1559 1863 alii
1591 1830 1719 1863 autem

231 1913 308 1952 huc
346 1910 506 1951 relatam
538 1908 762 1949 voluerunt.
826 1907 885 1948 Ac
924 1908 1093 1963 primum
1134 1906 1290 1962 quidem
1330 1920 1450 1962 opera
1489 1905 1616 1946 danda
1648 1913 1718 1954 est,

232 2003 277 2035 ut
316 1993 596 2049 intelligamus,
639 1993 726 2047 quis
765 1989 882 2031 suerit
914 1990 974 2030 ille
1006 1989 1198 2038 Jacobus,
1241 2002 1446 2044 quemnam
1478 1990 1578 2029 inter
1609 1987 1720 2044 Apo-

233 2077 357 2118 stolos
397 2076 525 2116 locum
560 2074 774 2116 obtineret:
815 2088 941 2130 neque
974 2075 1074 2114 enim
1107 2054 1448 2128 cuiquam'adhuc
1480 2079 1721 2127 compertum

235 2168 309 2208 cst,
346 2173 461 2215 quam
493 2160 593 2199 inter
625 2172 708 2199 sese
741 2158 1014 2213 cognationem
1046 2156 1236 2196 haberent
1265 2156 1461 2210 principes
1494 2154 1548 2195 illi
1581 2153 1723 2195 Serva-

234 2244 332 2283 >toris
365 2241 531 2281 asseclae
564 2249 601 2280 et
633 2241 811 2280 ministri.
860 2238 1059 2279 Habemus
1091 2241 1227 2295 utique
1259 2247 1356 2287 tres,
1392 2252 1537 2293 eosque
1568 2251 1647 2278 non
1673 2236 1722 2279 ad

236 2326 420 2366 amussim
455 2331 734 2379 congruentes,
771 2321 975 2362 duodecim
1008 2321 1296 2377 Apostolorum
1328 2320 1493 2361 indices:

323 2462 441 2497 Mauh.
460 2463 511 2503 X,
531 2460 648 2496 2—4.
799 2457 1167 2501 Marc.111,16-19.
1301 2459 1382 2492 Luc.
1397 2457 1465 2500 VI,
1486 2457 1645 2493 14-16,

263 2558 293 2592 1.
321 2560 447 2602 Σίμων
470 2557 599 2603 Πέτρος
765 2554 794 2589 1.
821 2557 945 2601 Σίμων
969 2555 1098 2601 Πέτρος
1257 2552 1288 2587 1.
1315 2555 1440 2599 Σίμων
1463 2554 1593 2601 Πέτρος

261 2627 294 2662 2.
316 2629 480 2673 Ἀνδρέας
759 2625 791 2660 2.
813 2625 973 2669 Ἰάκωβος
992 2623 1009 2659 ὁ
1029 2624 1222 2670 Ζεβεδαίου
1254 2623 1287 2657 2.
1310 2623 1472 2670 Ἀνδρέας

262 2697 295 2732 3.
317 2697 480 2741 Ἰάκωβος
501 2696 517 2730 ‹‘›
533 2699 728 2742 Ζεβεδαίου
761 2695 792 2731 3.
815 2696 974 2738 Ἰωάννης
1253 2692 1285 2728 3.
1309 2693 1469 2737 Ἰάκωβος

264 2766 296 2801 4.
318 2768 478 2810 Ἰωάννης
761 2767 792 2801 4.
814 2767 979 2811 Ἀνδρέας
1256 2763 1288 2797 4.
1310 2763 1470 2806 Ἰωάννης

265 2838 297 2873 5.
328 2840 499 2875 Φίλιππος
762 2837 793 2871 5.
826 2840 1000 2874 Φίλιππος
1258 2834 1289 2869 5.
1320 2836 1491 2872 Φίλιππος

265 2908 296 2942 6.
323 2910 597 2957 Βαρθολομαῖος
762 2907 793 2941 6.
822 2909 1096 2956 Βαρθολομαῖος
1256 2903 1289 2939 6.
1315 2906 1586 2954 Βαρθολομαῖος
