1867 3301
809 225 906 270 177

111 380 210 423 quae
242 379 368 422 neque
400 367 439 406 in
462 366 541 406 vita
573 379 643 405 nec
664 373 757 421 post
779 366 897 405 vitam
921 365 1065 405 remitti
1086 365 1215 419 possit
1238 359 1396 415 (Matth.
1415 362 1498 411 XII,
1519 360 1605 415 32).

108 449 246 506 Neque
278 450 372 490 hacc
404 450 673 505 interpretatio
708 463 789 489 non
822 448 989 504 quadrat
1010 449 1050 488 in
1077 462 1159 487 eam
1182 446 1379 503 cogitandi
1402 448 1605 495 rationem,

112 548 210 590 quae
232 533 402 574 Domino
425 541 563 573 nostro
586 541 680 574 tunc
711 534 911 588 temporis,
946 540 990 572 ut
1014 530 1179 580 videtur,
1215 530 1358 571 oborta
1380 538 1450 579 est,
1486 544 1608 585 quum

111 617 301 658 carnalem
341 616 444 657 illam
483 616 797 657 sollicitationem
829 615 1064 671 repudiavit.
1121 614 1220 655 Nam
1253 614 1315 655 illa
1346 613 1607 654 Israelitarum

112 700 237 757 culpa,
273 714 393 756 quum
416 699 543 740 Deum
567 700 723 741 Massae
755 698 970 747 tentabant,
1007 714 1056 739 ex
1088 698 1232 739 infideli
1256 699 1495 754 impatientia
1517 705 1609 737 nata

112 792 181 825 est.
237 782 470 840 Quanquam
504 783 576 824 Dei
615 785 832 839 potentiam
875 791 912 823 et
952 797 1083 823 curam
1124 781 1302 837 quotidie
1339 781 1605 831 intuebantur,

110 866 326 923 nequibant
355 875 484 908 tamen
517 874 743 923 exspectare
777 866 901 911 donec
930 866 1007 922 Ipsi
1033 866 1203 922 placeret
1224 864 1608 921 peregrinationibus

112 951 220 992 electi
252 950 391 1007 populi
422 950 537 991 finem
569 949 706 991 facere.
754 949 874 1006 Ergo,
908 948 1172 990 mussitabant
1204 957 1242 989 et
1262 948 1368 989 Mosi
1400 950 1525 989 rixam
1549 950 1609 989 in-

112 1033 335 1076 tendebant.
395 1034 519 1075 Simili
559 1035 821 1089 impatientiae
862 1032 1062 1074 obnoxius
1104 1032 1243 1074 suisset
1277 1032 1412 1081 Jesus,
1455 1034 1487 1072 si
1526 1032 1610 1072 fieri

112 1120 309 1174 potuisset
339 1126 384 1159 ut
405 1117 608 1159 subitanea
631 1117 799 1174 quadam
821 1117 1019 1158 mirandae
1041 1118 1249 1173 potestatis
1274 1115 1609 1157 demonstratione

113 1201 244 1242 studia
285 1216 449 1242 suorum
489 1202 638 1243 allicere
679 1210 716 1242 et
758 1201 926 1242 delenire
970 1200 1156 1242 studeret.
1223 1197 1342 1253 Quod
1380 1207 1514 1240 contra
1554 1201 1609 1255 pii

115 1299 247 1326 omnes
279 1284 473 1326 Israelitae
506 1285 669 1326 consilio
702 1285 856 1326 Psaltac
890 1284 1068 1325 obsecuti
1101 1292 1211 1333 sunt,
1248 1285 1315 1340 qui
1348 1285 1420 1324 ait:
1462 1282 1610 1324 »Com-

112 1370 220 1410 mitte
242 1368 416 1410 Jehovae
448 1383 509 1409 res
542 1377 649 1417 tua53
683 1370 716 1409 ei
748 1368 920 1418 confide3
954 1370 985 1408 is
1009 1367 1182 1424 perficiet
1204 1369 1346 1408 omnia.
1394 1366 1611 1422 Aequiesce

113 1453 151 1492 in
183 1451 281 1501 Deo,
316 1461 354 1493 et
385 1467 494 1509 spem
525 1461 632 1493 tuam
665 1454 706 1493 in
738 1467 783 1493 eo
816 1466 948 1509 pone«
982 1451 1063 1504 (Ps.
1090 1451 1302 1500 XXXVII,
1328 1450 1366 1499 5,
1390 1447 1449 1502 7).
1498 1448 1610 1491 Unde

112 1543 299 1592 tanquam
339 1536 544 1592 peculiaris
586 1536 777 1593 quaedam
817 1544 992 1577 veterum
1030 1535 1292 1576 Israelitarum
1334 1536 1458 1576 virtus
1497 1548 1611 1589 prae-

114 1618 265 1661 dicatur
296 1621 372 1661 ista
395 1621 603 1676 patientia
627 1616 860 1681 (ὑπομονή)
894 1634 973 1676 qua
1003 1634 1117 1675 spem
1147 1626 1335 1660 venturae
1368 1617 1610 1659 consolatio-

112 1704 176 1744 nis
214 1702 421 1753 fovebant;
460 1703 548 1745 vide
579 1703 700 1745 Hebr.
724 1704 796 1754 VI,
826 1702 878 1745 12
911 1718 996 1760 sqq.
1036 1712 1074 1744 et
1114 1702 1160 1744 cf.
1194 1701 1310 1743 Rom.
1334 1701 1424 1751 XV,
1449 1699 1497 1742 4:
1539 1704 1611 1742 ἵνα

116 1783 188 1827 διὰ
220 1789 292 1841 τῆς
324 1781 596 1843 ὑπομονῆς
627 1790 699 1828 καὶ
732 1784 804 1828 διὰ
827 1787 899 1842 Υτῆς
920 1782 1304 1841 παρακλήσεως
1325 1785 1409 1826 τῶν
1430 1784 1612 1840 γραφῶν

112 1866 192 1925 τήν
223 1869 422 1911 ἐλπίδα
455 1868 630 1925 ἔχωμεν.
669 1871 763 1912 Luc.
786 1872 836 1920 Π,
862 1870 937 1912 24:
971 1865 1314 1926 προσδεχόμενος
1335 1865 1612 1923 παράκλη-

116 1964 199 1995 σιν
230 1954 305 1996 τοῦ
328 1951 508 2010 Ἰσραήλ.
559 1954 660 1996 Hinc
691 1963 769 1996 tres
803 1954 992 1996 habemus
1027 1953 1242 1995 Christiani
1274 1952 1445 1993 hominis
1479 1952 1610 1993 dotes:

114 2034 161 2078 τὸ
205 2035 330 2092 ἔργον
368 2037 439 2093 τῆς
479 2040 656 2086 πίστεως
705 2041 776 2078 καὶ
820 2035 896 2080 τὸν
936 2037 1071 2079 κόπον
1110 2039 1181 2091 τῆς
1221 2033 1389 2090 ἅγαπῆς
1427 2038 1498 2076 καὶ
1535 2032 1613 2090 τήν

116 2117 398 2176 ὑπομονήν
428 2121 499 2176 τῆς
530 2120 749 2170 ἐλπίδος
782 2120 821 2174 (1
846 2122 987 2163 Thess.
1012 2121 1044 2170 I,
1066 2120 1104 2162 3.
1140 2120 1186 2161 cf.
1216 2119 1350 2162 1Cor‚
1375 2119 1481 2168 XIII,
1506 2116 1610 2171 ult.).

118 2204 248 2258 Quum
280 2207 399 2262 igitur
431 2205 525 2246 haec
557 2208 745 2262 patientia
781 2214 858 2246 tam
891 2208 930 2246 in
961 2204 1121 2245 Judaeis
1156 2219 1273 2260 quam
1305 2206 1342 2244 in
1378 2203 1612 2245 Christianis

117 2288 422 2345 deposcebatur,
464 2304 508 2330 ea
543 2289 808 2346 proculdubio
843 2290 1009 2330 eminere
1043 2287 1210 2330 debebat
1242 2290 1279 2329 in
1314 2286 1474 2329 Christo
1509 2289 1610 2343 ipso,

117 2387 199 2413 cain
230 2373 424 2414 Dominus
456 2382 592 2414 noster
624 2372 888 2430 proculdubio
923 2375 962 2413 in
995 2387 1159 2413 examen
1191 2370 1380 2420 vocabat,
1419 2385 1541 2426 quum
1573 2372 1614 2410 in

116 2456 258 2498 luctam
305 2456 406 2497 illam
456 2472 566 2498 suam
613 2457 891 2514 prospiciebat.
957 2456 1033 2510 Qui
1086 2457 1236 2496 etiamsi
1286 2469 1418 2495 omnes
1460 2453 1614 2493 divinae

118 2541 330 2597 majestatis
363 2541 535 2597 legiones
561 2543 600 2582 in
624 2556 738 2582 suum
763 2541 953 2582 auxilium
978 2540 1157 2595 colligere
1182 2536 1340 2589 (Matth.
1358 2536 1504 2585 XXVI,
1525 2534 1611 2588 53),

120 2632 157 2664 et
196 2625 399 2681 magnifica
439 2625 568 2681 aliqua
609 2625 818 2681 epiphania
862 2626 898 2664 in
932 2624 1121 2664 thronum
1156 2621 1318 2662 Davidis
1351 2636 1391 2661 se
1423 2620 1614 2661 collocare

118 2709 333 2763 potuisset,
377 2709 513 2749 maluit
544 2717 673 2749 tamen
706 2707 802 2749 illud
833 2709 1075 2748 miseriarum
1109 2705 1316 2762 poculum,
1358 2704 1468 2760 quod
1499 2704 1615 2745 Pater

120 2792 195 2846 ipsi
234 2793 505 2846 propinasset,
547 2792 596 2832 ad
635 2791 758 2832 faeces
796 2791 1004 2832 exhaurire
1039 2788 1197 2841 (Joann.
1221 2788 1366 2837 XVIII,
1395 2786 1464 2840 11)
1498 2796 1614 2842 atquc

121 2874 174 2914 ita
205 2888 274 2930 per
306 2874 562 2916 humilitatem
594 2875 642 2915 ad
675 2889 865 2915 summam
904 2874 1070 2930 gloriam
1103 2872 1321 2914 ascendere.
1385 2873 1440 2912 lta
1473 2871 1616 2927 triplici

121 2956 387 3000 admonitione
417 2959 528 3014 prior
559 2960 687 3001 nostri
707 2957 932 3015 Fragmenti
962 2972 1054 3014 pars
1086 2956 1237 3014 probos
1261 2971 1394 2999 omnes
1418 2955 1613 3003 hortatur,

1288 3036 1332 3072 12
