1867 3301
826 179 1003 252 85*-

357 322 433 377 Qui
467 322 525 363 vei
559 320 663 362 domi
699 330 785 364 tuae
818 331 933 363 natus
967 307 1113 371 suerit(
1141 322 1199 362 vel
1232 323 1460 378 emptitiuss

56 417 233 446 Gen.XVI1.
259 416 322 454 [13]
354 407 410 448 Ita
433 408 588 462 signum
612 405 779 447 foederis
802 408 875 447 mci
898 408 936 447 in
960 420 1072 447 carne
1096 414 1225 447 vestra
1248 419 1401 461 semper
1423 406 1605 447 manebit.

260 499 323 538 [14]
352 490 630 545 praeputiatus
666 504 757 530 vero
798 505 900 539 mas,
946 490 1057 545 cujus
1092 504 1180 530 caro
1213 491 1411 546 praeputii
1444 491 1607 530 circum-

967 575 1045 613 cisa
1076 588 1157 615 non
1190 572 1326 623 fuerit,

352 657 387 698 Is
420 658 555 713 utique
589 655 1006 705 excommunicabitur,
1042 665 1086 697 ut
1118 659 1185 713 qui
1208 656 1348 699 foedus
1370 671 1498 699 meum
1522 658 1607 698 vio-

967 740 1146 782 laverit«

259 834 322 874 [15]
352 825 464 867 Dixit
495 840 654 882 quoque
687 824 794 866 Deus
827 823 1078 866 Abrahamo:

354 908 509 951 »Sami
539 924 706 951 uxorem
741 917 845 950 tuam
878 923 959 950 non
991 908 1158 964 amplius
1190 906 1320 949 Seirai
1350 908 1419 950 sed
1452 906 1607 950 Soram

962 991 1136 1041 vocabis,

258 1087 321 1127 [16]
352 1077 402 1119 Et
433 1076 658 1118 benedicam
692 1078 747 1125 ei,
783 1075 965 1133 daboque
1000 1075 1069 1118 tibi
1101 1091 1150 1118 ex
1183 1076 1248 1118 illa
1278 1076 1422 1126 filium3

349 1161 477 1203 Mater
509 1163 582 1203 erit
615 1175 658 1202 ea
689 1162 915 1209 nationum,

348 1245 412 1287 Ex
443 1259 487 1286 ea
518 1259 628 1301 reges
661 1244 903 1301 populorum
938 1246 1155 1286 orientur.«

37 1315 319 1396 Gemxvnasffgl.
351 1330 455 1371 Tum
486 1328 570 1370 Deo
605 1328 706 1369 dixit
736 1327 1007 1370 Abrahamus:

349 1412 533 1455 »Utinam
564 1412 778 1453 Ishmaelus
811 1414 920 1453 vivat
952 1426 1083 1453 coram
1117 1411 1200 1454 tel«

348 1497 455 1538 Deus
488 1505 617 1538 autem
649 1494 875 1552 respondit:

254 1591 317 1630 [19]
349 1580 476 1623 »Sara
507 1580 684 1637 profecto
717 1594 824 1621 uxor
854 1588 924 1621 tua
955 1581 1082 1636 pariet
1112 1577 1184 1621 tihi
1214 1576 1358 1629 filium,

346 1664 598 1721 Vocabisque
630 1678 772 1705 nomen
806 1664 890 1718 ejus
922 1663 1062 1716 Isaac,

345 1750 397 1791 Et
429 1750 666 1790 constituam
697 1756 854 1804 pactum
886 1763 1013 1790 meum
1048 1762 1136 1788 cum
1168 1761 1214 1788 eo
1248 1749 1288 1788 in
1320 1756 1520 1789 aeternum

346 1834 398 1875 Et
429 1848 515 1874 cum
546 1834 592 1874 iis
627 1834 694 1889 qui
727 1847 777 1874 ex
809 1847 855 1873 eo
888 1840 1110 1873 nascentur.

252 1926 315 1965 [20]
347 1916 464 1971 Quod
497 1916 546 1957 ad
577 1916 811 1958 Ishmaelum
844 1918 1001 1966 attinet,
1037 1914 1224 1956 exaudivi
1255 1923 1304 1955 te.

344 2001 443 2042 Ecce
482 1999 708 2042 benedicam
747 2002 800 2050 ei,
845 2009 883 2041 et
913 1998 1087 2057 augebo,
1129 1996 1477 2054 multiplicahoque
1510 2012 1598 2039 euin

959 2097 1075 2139 quam
1106 2082 1332 2138 plurimum.

346 2168 563 2210 Duodecim
594 2169 790 2224 principes
822 2165 1042 2224 generabit,

344 2252 396 2294 Et
426 2266 567 2309 magna
597 2253 704 2293 natio
739 2265 788 2292 ex
820 2266 866 2292 eo
900 2251 977 2292 fiet.

251 2345 314 2385 [21]
344 2335 501 2378 Foedus
537 2351 628 2378 vero
661 2350 790 2377 meum
823 2350 909 2376 cum
940 2334 1071 2376 Isaaco
1105 2336 1196 2391 erit,

346 2420 469 2475 Quem
491 2419 563 2471 tibi
581 2419 680 2463 Sara
699 2419 747 2461 ad
770 2420 846 2461 hoc
867 2428 1022 2476 tempus
1045 2421 1085 2460 in
1107 2433 1208 2459 anno
1232 2420 1416 2474 proximo
1435 2419 1593 2474 pariet«

250 2512 313 2552 [22]
344 2503 474 2558 Quum
518 2505 613 2546 haec
653 2504 702 2545 ad
740 2504 854 2546 finem
896 2503 1062 2546 dixisset
1099 2502 1225 2552 Deus,
1275 2502 1323 2543 ab
1365 2502 1592 2544 Abrahamo

955 2585 1139 2629 ascendit.

249 2681 312 2721 [23]
341 2671 592 2715 Abrahamus
626 2681 755 2714 autem
788 2674 890 2729 cepit
920 2670 1154 2713 Ishmaelum
1184 2669 1307 2711 filium
1339 2685 1476 2722 suum,

345 2756 567 2814 Omnesque
600 2756 705 2798 domi
738 2771 831 2798 suae
863 2765 977 2797 natos
1011 2764 1049 2798 et
1080 2756 1206 2812 pretio
1240 2763 1405 2811 emptos,

345 2839 518 2882 Cunctos
550 2855 675 2883 mares
709 2840 849 2882 domus
883 2855 997 2890 suae,

342 2924 393 2965 Et
424 2926 663 2967 circumcidit
693 2927 899 2982 praeputia
931 2926 1108 2981 ipsorum
