1867 3301
916 184 1012 231 138

217 327 412 367 habitatio
445 326 681 382 tranquilla,
715 333 753 366 et
784 324 890 365 Deus
921 324 1116 365 Adamum
1149 325 1400 381 requiescere
1421 324 1529 381 fecit
1559 322 1709 386 (ῌἾΞῖἾ)

219 412 256 450 in
297 408 448 458 Edene,
497 411 565 465 qui
612 409 753 449 hortus
801 408 962 449 similem
1013 408 1302 464 tranquillitatis
1350 408 1477 449 sedem
1519 409 1712 465 significat

220 491 332 545 (Gen.
356 493 407 541 II,
437 489 520 544 15).
584 491 734 532 Eodem
767 493 923 533 nomine
957 490 1183 548 designatur
1214 491 1400 547 templum
1434 491 1523 539 Dei,
1558 493 1595 532 in
1630 506 1709 548 quo

218 577 369 617 Jehova
401 575 667 632 tranquillam
699 574 828 617 sedem
861 574 934 615 sibi
963 574 1105 630 delegit
1128 570 1208 627 (Ps.
1235 573 1440 623 CXXXII,
1466 573 1504 623 8,
1533 572 1598 616 14.
1631 573 1708 616 Jes.

220 659 364 708 LXVI,
393 656 445 712 1).
495 658 673 715 Denique
706 657 869 700 Solomo
904 660 1006 713 ipse,
1041 660 1109 714 qui
1139 672 1289 699 summa
1310 672 1403 714 pace
1426 657 1571 707 sruenS,
1605 665 1712 699 tran-

219 743 401 800 quillitati
440 742 701 783 Israelitarum
744 744 855 798 quasi
896 741 1192 784 fundamentum
1233 743 1465 798 supposuit,
1508 748 1545 782 et
1584 755 1711 782 arcam

219 826 289 868 Dei
322 829 360 867 in
393 826 538 882 templo
573 825 767 867 destinato
802 825 1026 874 collocavit,
1070 833 1254 874 vocatur,
1300 833 1344 866 ut
1376 839 1496 879 supra
1528 823 1709 874 vidimus,

219 913 378 977 ΓἹΙᾞὈᾨ
418 907 518 970 Ψῒὶζ
558 912 581 950 i.
613 924 644 950 e.
686 910 749 950 vir
788 908 1124 965 tranquillitatem
1163 923 1306 949 amans
1348 915 1385 949 ec
1415 909 1517 964 paci
1554 907 1712 949 deditus

220 991 259 1047 (1
280 994 405 1035 Paral.
424 993 554 1042 XXII,
580 990 622 1045 9)
640 988 678 1045 ¹).
719 991 762 1034 Si
784 994 904 1048 igitur
926 1006 988 1032 eas
1012 993 1268 1048 cogitationes
1291 999 1581 1048 repraesentare
1598 991 1713 1032 volu-

220 1093 318 1127 mus,
353 1091 452 1134 quae
483 1079 558 1133 piis
581 1076 762 1117 Israelitis
792 1075 897 1116 ultro
922 1074 1246 1124 obversabantur,
1280 1077 1434 1131 quoties
1455 1073 1711 1116 Noachanum

219 1175 362 1202 nomen
384 1159 701 1208 considerabant,
739 1158 901 1200 dubium
933 1173 1013 1199 non
1037 1166 1096 1199 est
1117 1173 1196 1215 quo
1221 1160 1370 1199 animos
1393 1166 1619 1215 mentesque
1641 1173 1713 1200 no-

220 1254 319 1286 stras
353 1243 551 1285 intendere
584 1243 805 1285 debeamus.
862 1243 903 1283 In
936 1244 1071 1299 primis
1105 1241 1335 1298 spectabant
1365 1242 1414 1283 ad
1446 1250 1587 1284 terram
1619 1256 1713 1299 pro-

220 1331 358 1370 missae
380 1327 687 1385 tranquillitatis,
722 1329 761 1368 in
784 1341 920 1383 quam,
953 1335 1046 1382 post
1068 1326 1328 1383 quadraginta
1350 1340 1473 1366 annos
1497 1328 1536 1367 in
1558 1325 1711 1368 deserto

221 1411 452 1468 absumptos
485 1420 523 1452 et
554 1411 707 1452 saecula
739 1411 891 1467 aliquot
912 1412 951 1450 in
972 1409 1217 1467 Aegyptiaca
1239 1411 1426 1450 servitute
1449 1424 1614 1459 emensa,
1649 1409 1714 1451 de-

221 1511 326 1538 mum
363 1503 639 1551 pervenerunt.
703 1494 783 1536 Sed
822 1493 875 1535 ibi
914 1495 1115 1549 perpetuis
1148 1492 1444 1549 tempestatibus
1470 1494 1661 1548 jactatum
1692 1508 1715 1534 a

221 1579 456 1628 Midianitis‚
490 1578 734 1627 Philistaeis,
770 1579 984 1633 ceterisque
1017 1576 1220 1625 hostibus,
1254 1578 1427 1632 requiem
1459 1578 1614 1617 minime
1646 1575 1714 1618 ab·

222 1663 391 1704 solutam
414 1670 666 1703 consecutum
692 1669 750 1702 est
773 1660 894 1701 divini
918 1659 1084 1700 foederis
1108 1659 1342 1709 vehiculum,
1368 1659 1502 1709 donec,
1528 1667 1713 1716 regnante

222 1746 456 1794 Solomone,
496 1747 674 1801 principe
708 1744 772 1784 illo
805 1745 925 1799 pacis,
960 1757 1047 1784 area
1081 1742 1222 1783 divinis
1255 1745 1470 1799 praeceptis
1503 1742 1644 1784 referta
1675 1745 1714 1784 in

222 1830 366 1886 templo
400 1828 605 1885 magnifico
640 1843 758 1884 super
782 1827 949 1876 Tsione,
985 1841 1094 1868 sacro
1121 1826 1192 1867 Dei
1225 1835 1376 1876 monte,
1411 1826 1541 1867 sedem
1573 1835 1714 1868 certam

222 1923 260 1956 et
297 1912 547 1970 tranquillam
587 1920 701 1952 nacta
740 1920 810 1952 est.
873 1910 983 1952 Hanc
1021 1912 1252 1952 sententiam
1284 1912 1359 1966 piis
1391 1910 1572 1951 Israelitis
1606 1909 1715 1950 sami-

222 1999 353 2039 liarem
385 1996 505 2037 fuisse
540 1995 754 2036 ostendunt
785 1996 1009 2036 testimonia
1041 1993 1252 2050 quaedam,
1293 2008 1392 2050 quae
1423 1994 1614 2034 neminem
1647 1992 1715 2034 ad-

222 2083 299 2123 huc
330 2083 587 2136 interpretum
619 2079 884 2120 adverterunt.
934 2077 1129 2127 Primum,
1164 2077 1260 2118 illud
1293 2077 1342 2118 ad
1368 2077 1468 2118 hauc
1490 2078 1714 2132 opinionem

223 2166 398 2220 respicit,
435 2163 544 2219 quod
575 2162 772 2203 annalium
805 2163 974 2217 scriptor
1001 2157 1040 2213 (1
1066 2160 1163 2217 Reg.
1183 2160 1256 2210 Vl,
1285 2158 1325 2213 1)
1359 2160 1449 2201 data
1481 2174 1599 2216 opera
1621 2175 1715 2202 enu-

223 2255 345 2289 merat
366 2254 466 2303 quot
486 2247 577 2286 anni
599 2246 719 2301 elapsi
742 2253 871 2287 essent
893 2253 986 2301 post
1007 2247 1155 2285 exitum
1175 2244 1435 2285 Israelitarum
1459 2258 1508 2285 ex
1528 2243 1713 2300 Aegypto

224 2346 344 2388 quum
377 2329 490 2370 aedes
513 2329 686 2370 Jehovae
720 2328 913 2370 aedificari
946 2335 1084 2383 coepta
1117 2329 1178 2368 sit.
1226 2326 1325 2368 Nam
1351 2336 1479 2369 totum
1502 2326 1598 2367 illud
1619 2335 1715 2367 tem-

222 2430 297 2472 pus
331 2413 380 2454 ad
413 2414 646 2454 errationem
670 2411 729 2452 vel
761 2411 937 2452 nondum
970 2410 1189 2451 absolutam
1216 2413 1388 2466 requiem
1410 2409 1551 2451 referre
1575 2410 1712 2451 voluit.

224 2498 373 2539 Deinde
406 2511 514 2546 vcro,
549 2510 670 2552 quum
696 2496 778 2551 jam
810 2494 1024 2551 perfectum
1058 2502 1158 2536 esset
1189 2496 1339 2550 regium
1364 2493 1460 2534 illud
1481 2508 1524 2534 ac
1545 2493 1715 2550 relligio-

225 2597 310 2622 sum
344 2595 458 2637 opus,
493 2579 656 2621 Solomo
692 2580 924 2620 convocavit
956 2592 1089 2619 omnes
1121 2577 1380 2618 Israelitarum
1413 2591 1593 2632 proceres
1624 2576 1715 2617 Hie-

224 2665 464 2720 rosolymam
507 2663 555 2704 ad
595 2662 902 2704 transferendam
944 2676 1070 2703 arcam
1110 2661 1204 2717 legis
1238 2663 1275 2701 in
1309 2660 1494 2716 templum
1526 2659 1711 2708 Jehovae,

227 2746 363 2803 »quod
396 2746 538 2788 sactum
569 2756 627 2788 est
649 2749 688 2787 in
710 2746 808 2788 festo
833 2747 973 2787 mensis
989 2745 1227 2801 pbzoviorum
1248 2744 1477 2785 cadentium
1500 2743 1559 2784 vel
1580 2741 1713 2784 Etha-

327 2858 351 2902 ¹)
386 2857 450 2899 Qui
477 2856 564 2891 hunc
591 2869 727 2893 versum
755 2868 828 2892 cum
849 2857 929 2892 Gen.
944 2856 987 2899 V,
1005 2854 1050 2890 29
1077 2855 1336 2901 comparaverit,
1363 2854 1506 2890 eundem
1532 2852 1714 2898 utrobique

226 2923 353 2971 stylum
382 2922 619 2969 deprehendet.
