1867 3301
934 269 956 271 ,Α
979 201 1165 274 ἓὲῧ.

282 345 480 394 homines,
521 344 846 399 conscripserant.
899 341 1014 383 Alius
1047 341 1185 403 scriba,
1219 341 1459 398 aliquamdiu
1489 350 1640 398 postea,
1675 357 1772 399 qua-

284 428 463 484 draginta
490 427 682 475 Psalmos,
716 427 816 468 inter
848 440 949 483 quos
982 433 1040 467 est
1070 425 1249 467 Psalmus
1270 426 1409 476 XVIII,
1443 427 1560 466 variis
1593 425 1770 468 fontibus

284 511 494 561 derivatos,
528 513 568 552 in
600 525 722 551 unum
745 524 889 566 corpus
912 511 1166 560 coacervavit,
1201 508 1359 567 quibuS,
1392 508 1646 567 praefationis
1667 509 1768 560 loco,

281 596 480 638 Psalmum
501 597 670 652 primum
691 594 885 650 praefixit,
920 608 998 651 quo
1022 593 1258 651 significaret
1287 602 1476 651 quantum
1497 595 1652 635 intersit
1671 595 1772 635 inter

281 682 392 737 pium
423 678 495 720 Dei
536 678 744 728 cultorem,
786 680 853 735 qui
894 678 954 719 his
985 677 1150 729 Psalmis
1183 692 1328 719 usurus
1364 686 1482 728 esset,
1525 685 1564 718 ct
1594 677 1771 719 homines

282 763 357 805 fide
379 777 471 804 vera
494 761 718 804 destitutos.
751 761 801 803 Et
823 776 944 819 quum
966 770 1132 819 utraque
1154 762 1398 804 Psalmorum
1423 761 1598 804 collectio
1622 775 1773 803 summa

284 848 513 889 auctoritate
546 848 713 904 vigeret,
754 848 809 902 pii
850 845 1053 902 cujusdam
1093 848 1207 903 regis,
1247 871 1293 877 —
1330 845 1557 902 Josaphati,
1598 844 1769 896 Hiskiae‚

286 931 343 973 vel
375 931 519 981 Josiae‚
550 955 595 961 —
623 929 844 971 sacerdotes
878 937 915 970 et
945 929 1161 986 prophetae
1194 929 1290 970 nihil
1329 931 1528 985 antiquius
1560 927 1770 978 habebant,

284 1030 400 1073 quam
433 1023 478 1056 ut
509 1012 641 1055 ambas
675 1014 922 1070 anthologias
956 1015 995 1054 in
1020 1028 1142 1054 unum
1165 1013 1348 1054 volumen
1364 1012 1632 1065 conciliarent.
1671 1012 1773 1053 Hinc

282 1099 477 1157 profluxit
506 1100 675 1155 primum
696 1097 943 1138 Psalmorum
976 1104 1193 1154 syntagma,
1228 1095 1391 1138 Davidis
1422 1097 1579 1138 nomine
1610 1097 1773 1153 insigni-

283 1192 379 1225 tum.
437 1181 510 1225 Cui
551 1190 691 1238 postea
721 1189 800 1222 tres
833 1181 928 1222 aliae
961 1181 1228 1230 collectiones,
1269 1182 1308 1221 in
1339 1179 1517 1221 Psalmos
1548 1178 1770 1229 LXXXIX,

286 1266 384 1317 CVI,
420 1265 484 1308 CL
506 1265 695 1315 finientes,
730 1266 849 1306 variis
880 1273 974 1321 post
1005 1265 1185 1305 exsilium
1206 1263 1450 1321 temporibus
1473 1262 1644 1320 adjectae
1665 1271 1770 1314 sunt,

273 1350 409 1392 -donec
446 1349 543 1391 illud
582 1350 819 1405 hymnorum
858 1363 1002 1405 corpus
1036 1347 1248 1390 conflatum
1279 1356 1398 1398 essct,
1439 1361 1518 1404 quo
1550 1348 1606 1404 pii
1638 1361 1772 1389 omnes

285 1437 399 1477 etiam
430 1442 524 1492 post
557 1432 704 1476 Christi
736 1433 946 1474 adventum
967 1441 1195 1482 uterentur.

403 1518 455 1561 Ut
486 1517 618 1559 videas
652 1516 981 1574 quemadmodum
1014 1517 1109 1557 haec
1141 1516 1383 1573 conjectura,
1426 1515 1570 1557 scilicet
1607 1513 1772 1556 eundem

283 1603 532 1661 prophetam,
566 1600 785 1643 Nathanem
818 1600 917 1650 dico,
952 1602 1020 1657 qui
1041 1600 1301 1641 Jasharanum
1325 1598 1468 1641 librum
1491 1600 1658 1649 consuit,
1692 1597 1774 1640 edi·

286 1687 387 1728 disse
427 1688 540 1727 etiam
581 1676 807 1726 Davidicam
847 1684 1071 1734 historiam,
1115 1692 1153 1725 et
1191 1685 1493 1724 vetustissimam
1526 1682 1772 1724 Psalmorum

286 1771 570 1819 collectionem,
613 1771 653 1810 in
693 1770 807 1810 tertio
849 1776 976 1809 autem
1011 1767 1202 1825 opusculo
1236 1766 1461 1808 adhibuisse
1493 1780 1537 1807 ea
1568 1765 1772 1808 Jasharani

284 1854 373 1896 libri
405 1856 574 1895 carmina
606 1852 655 1894 ad
686 1867 801 1893 suum
832 1860 986 1909 tempus
1019 1853 1244 1909 spectantia,
1280 1865 1378 1908 quae
1410 1852 1449 1891 in
1471 1849 1643 1891 secundo
1677 1851 1774 1891 omi-

286 1941 411 1988 sisset,
446 1946 491 1978 ut
519 1936 666 1986 videas,
701 1938 871 1993 inquam,
906 1935 1234 1992 quemadmodum
1266 1935 1361 1976 haec
1393 1935 1618 1990 conjectura
1643 1935 1774 1975 omnia

286 2022 464 2079 explicet,
499 2035 598 2078 quae
630 2021 739 2061 aliter
770 2019 1057 2076 inexplicabilia
1089 2027 1228 2069 essent,
1260 2020 1379 2060 trium
1404 2017 1594 2060 librorum
1614 2016 1773 2059 brevem

287 2113 537 2162 conspectum
570 2103 794 2160 subjiciam:

766 2184 819 2240 (a)
859 2186 988 2228 Liber
1017 2185 1288 2228 Jasharanus.
1440 2231 1442 2233 ,

287 2270 334 2326 (l)
377 2270 601 2320 1Sam.ll‚
640 2269 811 2312 1—10.
883 2267 945 2322 (II)
988 2269 1014 2310 2
1038 2268 1143 2311 Sam.
1168 2269 1201 2319 I,
1241 2267 1448 2318 19-273
1488 2267 1554 2317 III,
1590 2266 1665 2318 33,
1701 2266 1770 2310 34.

383 2352 461 2409 (III)
503 2354 529 2395 2
552 2354 657 2396 Sam.
680 2353 804 2395 XXII.
869 2350 954 2405 (IV)
996 2352 1061 2393 Ps.
1096 2352 1180 2394 LX.
1244 2349 1314 2405 (V)
1357 2351 1381 2393 2
1405 2350 1509 2415 Sam.
1542 2350 1682 2392 XXIII.

621 2434 707 2491 (VI)
747 2437 812 2478 Ps.
845 2435 968 2477 XLV.
1033 2433 1134 2488 (VII)
1174 2435 1239 2476 Ps.
1275 2435 1444 2476 LXVIII.

763 2517 822 2573 (b)
861 2517 1048 2560 Historia
1077 2518 1298 2560 Dauidica.

288 2603 335 2659 (1)
500 2603 563 2659 (11)
730 2601 809 2655 (111)
1184 2598 1253 2654 (V)

580 2684 632 2740 (c)
680 2686 956 2728 Vetustissima
985 2685 1246 2726 Psalmorwn
1278 2683 1476 2726 Collectio.

950 2765 1034 2822 (Ν)
1414 2764 1500 2820 (Vl)
1669 2763 1770 2819 (Vll)

412 2852 547 2910 Neque
595 2853 704 2894 aliter
749 2852 959 2910 intelligere
1005 2866 1218 2908 possumus
1266 2849 1520 2907 quamobrem
1567 2847 1770 2892 Canticum

288 2938 396 2988 illud,
430 2946 475 2979 ut
506 2945 681 2987 vocatur,
715 2936 888 2987 Hannae,
922 2944 960 2978 ct
981 2950 1144 2985 carmen,
1179 2934 1289 2992 quod
1313 2934 1448 2976 ultima
1468 2932 1630 2975 Davidis
1652 2930 1768 2973 verba
