1867 3301
233 342 300 376 Cor
325 352 430 389 aeque
457 352 493 374 ac
519 351 593 374 caro
622 340 910 384 concupiscentiae
937 339 1034 373 sedes
1102 364 1626 372 ..........
1677 338 1723 374 64

233 414 337 448 Error
370 424 503 453 eorum,
539 413 596 457 qui
632 411 671 445 de
704 416 843 446 externo
876 409 1023 456 quodam
1050 411 1172 456 peccati
1200 415 1232 444 et
1258 409 1508 444 sollicitationis
1535 408 1629 443 fonte

281 483 528 518 hallucinantur
579 506 1629 515 ...................
1679 478 1723 513 65

234 556 268 600 1)
296 556 385 589 Haec
406 554 519 599 opinio
549 558 685 587 naturae
711 552 896 594 humanae,
922 551 1031 598 qualis
1058 553 1092 586 in
1112 551 1183 586 S.S.
1204 551 1415 591 describitur,
1443 551 1630 596 perniciose

281 631 445 672 repugnat
468 646 1628 657 .....................
1678 620 1724 656 66

232 697 268 740 2)
295 696 420 730 Eadem
449 695 634 729 doctrinam
662 694 735 729 S.S.
764 693 804 728 de
830 693 1069 728 sollicitatione
1095 695 1129 727 in
1155 699 1286 739 peccata
1312 692 1509 739 pessumdat
1564 718 1571 725 .
1621 719 1628 725 .
1678 691 1723 726 67

233 767 359 802 Ultima
386 767 550 801 orationis
578 766 770 800 Dominicae
799 764 948 798 clausula
976 764 1163 810 explicatur
1220 789 1628 797 ........
1678 761 1724 797 67

235 838 317 881 Quis
345 839 389 872 sit
414 836 431 871 ὃ
453 836 626 882 πονηρόςζ)
640 860 1628 869 ..................
1678 832 1725 867 68

235 910 377 954 Triceps
404 913 573 954 peccatum
601 908 634 940 in
663 918 776 948 carne,
808 906 945 948 mundo,
973 912 1004 940 et
1032 906 1166 940 diabolo
1195 917 1332 940 versans
1392 931 1628 937 .....
1678 903 1723 938 69

233 982 271 1015 D.
291 979 409 1015 Jacobi
438 979 602 1013 sententia
629 978 669 1012 de
696 977 935 1012 sollicitatione
987 1000 1628 1010 ............
1678 973 1723 1010 69

232 1050 268 1096 3)
296 1051 489 1096 Sospitator
515 1051 586 1095 ipse
612 1049 731 1083 iisdem
759 1054 859 1094 atque
886 1047 939 1081 alii
968 1048 1121 1082 homines
1141 1039 1439 1081 sollicitationibus
1460 1046 1629 1079 obnoxius

281 1122 388 1156 fuisse
415 1122 560 1169 vincitur
581 1142 1629 1154 ...................
1679 1115 1724 1151 69

234 1194 315 1228 Loci
342 1194 379 1226 D.
399 1191 494 1226 Pauli
522 1191 562 1225 ad
589 1191 671 1224 hanc
697 1202 766 1224 rem
799 1190 1003 1235 pertinentes
1039 1188 1077 1222 ab
1106 1188 1262 1222 omnibus
1288 1187 1459 1233 theologis
1486 1186 1630 1234 neglecti
1679 1185 1724 1221 70

235 1266 387 1307 Quonam
414 1269 510 1308 pacto
537 1262 640 1296 Jesus
676 1267 707 1295 et
732 1259 902 1306 perfectus
930 1260 1030 1294 homo
1059 1258 1161 1293 fuerit
1187 1264 1219 1293 et
1244 1265 1353 1292 tamen
1380 1257 1628 1303 impeccabilis?
1679 1256 1721 1292 71

233 1335 268 1380 4)
295 1335 364 1369 lsta
392 1334 505 1379 opinio
535 1332 574 1366 de
601 1338 736 1367 externa
762 1332 887 1377 peccati
915 1331 1044 1377 origine
1071 1335 1186 1364 contra
1215 1330 1322 1364 bonos
1342 1340 1453 1364 mores
1481 1334 1512 1362 et
1539 1340 1629 1362 com-

280 1406 380 1439 moda
406 1404 538 1450 publica
566 1403 708 1437 offendit
757 1426 1628 1436 ................
1679 1398 1724 1434 72

232 1477 381 1511 Eandem
408 1474 558 1509 Ecclesia
584 1473 768 1520 Anglicana
795 1485 884 1507 nono
913 1471 1065 1506 Articulo
1093 1472 1293 1506 condemnat
1335 1497 1629 1504 ......
1679 1469 1724 1506 73

235 1549 272 1582 In
300 1548 398 1582 horto
425 1546 551 1580 Edenis
579 1544 798 1580 describendo
826 1545 917 1578 varia
944 1544 1156 1577 commiscuit
1182 1542 1291 1577 scriba
1315 1541 1563 1577 Masorethicus
1621 1568 1629 1575 .
1679 1540 1723 1577 73

234 1618 421 1665 Relligiosa
446 1616 556 1651 exsilii
582 1616 621 1650 ab
647 1616 762 1650 Edene
789 1615 989 1662 significatio
1017 1614 1128 1660 qualis
1155 1614 1223 1648 sit?
1274 1639 1628 1646 .......
1679 1611 1724 1647 74

235 1691 419 1738 Signorum
447 1687 643 1723 coelestium
670 1688 756 1721 inter
780 1686 928 1733 populos
955 1684 1135 1729 orientales
1162 1685 1332 1718 veneratio
1391 1709 1629 1717 .....
1679 1682 1724 1718 74

234 1763 282 1797 De
308 1760 496 1808 symbolico
517 1760 577 1794 Dei
603 1760 754 1793 exercitu
781 1757 953 1803 quomodo
980 1756 1202 1802 loquerentur
1229 1754 1458 1790 Israelitarum
1485 1761 1629 1801 poetae.
1679 1753 1723 1789 75

234 1833 367 1874 Nubes,
402 1843 462 1878 pro
490 1831 549 1865 Dei
583 1829 767 1872 curriculo,
803 1830 894 1864 venti
926 1834 958 1863 et
988 1827 1129 1862 fulmina
1161 1838 1220 1873 pro
1248 1826 1308 1861 Dei
1340 1827 1502 1861 ministris
1529 1826 1630 1861 habe-

281 1904 403 1938 bantur
465 1923 1627 1935 .....................
1678 1896 1724 1932 76

234 1976 335 2010 Venti
363 1975 576 2019 Cherubim,
602 1972 755 2007 fulminei
783 1972 877 2017 ignes
902 1972 1111 2014 Saraphim
1137 1968 1293 2015 appellati
1319 1974 1400 2003 sunt
1447 1995 1453 2002 .
1504 1995 1510 2000 .
1562 1995 1567 2001 .
1621 1995 1627 2001 .
1677 1967 1723 2002 77

234 2047 324 2080 Haec
350 2044 505 2092 symbola
532 2044 572 2078 ad
599 2044 740 2078 vetitum
767 2043 959 2088 ingressum
986 2040 1242 2088 significandum
1268 2039 1469 2074 adhibentur
1506 2065 1513 2072 .
1564 2065 1570 2072 .
1621 2065 1627 2072 .
1678 2037 1724 2073 78

236 2118 274 2151 In
306 2115 563 2163 hieroglyphico
597 2115 712 2149 amissi
740 2113 892 2148 Paradisi
925 2112 1093 2159 praesidio
1121 2111 1268 2146 Cherubi
1295 2111 1454 2157 Saraphis
1486 2109 1629 2155 conjun-

282 2193 410 2235 guntur
470 2206 1629 2219 .....................
1679 2178 1724 2214 78

237 2259 320 2302 Quis
347 2258 493 2293 claustra
519 2258 584 2292 ista
609 2254 806 2292 reclusurus
834 2253 903 2289 sit?
931 2277 1628 2287 .............
1678 2248 1722 2285 79

691 2425 739 2463 ΙΝ
769 2424 972 2463 PARTEM
1003 2422 1274 2463 SECUNDAM.

236 2545 420 2579 Aeternum
441 2541 500 2576 Dei
528 2541 759 2587 propositum,
787 2551 854 2586 quo
881 2551 940 2586 per
966 2538 1101 2574 electam
1130 2538 1295 2585 quandam
1322 2536 1493 2573 ecclesiam
1520 2536 1628 2571 homi-

284 2626 342 2648 nes
370 2613 408 2647 ab
436 2612 556 2647 exsilio
584 2617 759 2647 revocaret
815 2633 1628 2644 ...............
1678 2607 1722 2642 95

237 2685 379 2719 Ethnica
405 2685 504 2718 istius
532 2682 689 2718 ecclesiae
714 2681 869 2716 limitatio
933 2704 1628 2715 .............
1678 2677 1724 2713 96

237 2756 392 2791 Nominis
419 2743 506 2799 ῌΞΠ
534 2766 618 2800 quae
646 2755 689 2788 sit
716 2765 793 2789 vera
818 2752 1074 2800 interpretatio?
1105 2776 1627 2786 ..........
1677 2748 1723 2784 96

239 2827 360 2861 Variae
387 2826 427 2861 de
453 2825 590 2861 Noacho
616 2825 818 2860 traditiones
877 2846 1629 2858 ..............
1677 2818 1724 2854 98

239 2898 315 2934 Non
342 2897 466 2943 duplex
494 2896 599 2931 fuisse
626 2897 684 2931 sed
711 2907 814 2931 unum
842 2896 974 2943 generis
1001 2896 1135 2930 humani
1162 2895 1293 2930 initium
1335 2917 1628 2927 ......
1677 2889 1722 2925 99
