1867 3301
712 218 884 290 *35

110 355 215 412 (adV.
249 357 483 415 Pelagianos
508 357 567 397 ΠΙ.
613 355 715 412 Opp.
742 356 857 397 Toni.
882 356 946 407 IV,
980 356 1086 413 p.11.
1122 355 1194 397 col.
1227 354 1311 397 533
1346 363 1383 396 et
1414 352 1599 412 passim);

107 456 233 498 neque
279 443 486 498 quisquam
518 448 694 482 veterum
728 438 981 482 contradixit.
1043 439 1095 481 Et
1126 454 1172 481 ne
1205 441 1245 480 in
1276 438 1392 480 Novo
1426 439 1601 480 Foedere

109 525 256 566 diutius
290 527 551 574 immoremur,
586 524 662 565 hoc
693 539 774 565 uno
808 523 987 579 exemplo
1023 523 1334 565 demonstremus
1358 531 1601 579 quantopere

109 608 302 650 conducat
333 608 382 649 ad
415 622 657 648 communem
692 606 1009 649 Christianorum
1042 608 1269 657 utilitatem,
1314 615 1360 648 ut
1390 608 1429 647 in
1462 606 1601 662 hujus-

108 691 214 733 modi
256 690 555 748 quaestionibus
600 690 811 747 aliquando
861 690 1078 747 paullulum
1116 690 1392 732 subsistamus.
1457 690 1600 732 Omnes

108 777 250 816 scimus
291 774 429 824 fuisse,
473 776 540 831 qui
575 773 829 816 Osiandream
871 774 973 815 illam
1012 774 1318 831 Evangeliorum
1358 774 1600 815 harmoniam

107 859 276 915 amplexi
315 866 464 907 essent,
507 872 605 914 quae
648 858 844 914 deposcit,
889 866 935 898 ut
972 857 1144 898 »nullius
1186 857 1347 899 verbum
1388 857 1511 898 ullum
1551 858 1602 898 sit

108 944 316 992 omissum,
350 942 447 983 nihil
479 942 644 983 alienum
678 943 921 991 immixtum,
954 941 1100 982 nullius
1134 941 1233 982 ordo
1266 940 1469 990 turbatus,
1504 940 1600 981 nihil

106 1040 188 1067 non
226 1041 298 1066 suo
340 1025 426 1066 loco
467 1027 684 1081 positum«
749 1024 857 1079 Quae
890 1025 1046 1082 quidem
1085 1027 1209 1074 ratio,
1256 1033 1301 1066 ut
1331 1023 1600 1067 Chemnitzius

109 1108 281 1150 ostendit
322 1106 526 1162 (Prooem.
569 1124 600 1150 e.
633 1105 706 1161 2),
756 1123 904 1149 »unum
948 1117 1098 1150 tantum
1138 1108 1430 1150 incommodum
1468 1108 1598 1158 habet,

108 1192 216 1249 quod
264 1192 469 1243 historias,
521 1207 620 1249 quae
669 1207 863 1233 consensu
910 1193 1033 1233 totius
1074 1194 1319 1249 antiquitatis
1360 1200 1397 1234 et
1438 1194 1601 1233 circum-

107 1278 260 1317 stantiis
309 1276 385 1316 hoc
425 1275 626 1317 manifeste
672 1274 908 1316 testantibus
956 1276 1063 1331 apud
1109 1276 1288 1317 diversos
1329 1276 1600 1333 Evangelistas

108 1359 273 1400 eaedem
317 1367 431 1409 sunt,
479 1361 564 1415 ipse
612 1361 767 1416 cogitur
806 1359 899 1399 alias
942 1373 1011 1400 seu
1051 1359 1226 1400 diversas
1273 1358 1438 1400 facere«
1497 1360 1601 1400 Inter

108 1443 177 1483 has
216 1442 516 1499 discrepantias,
565 1457 664 1499 quac
705 1442 943 1484 Osiandrum
982 1451 1188 1499 tantopere
1227 1442 1500 1493 ludificabant,
1542 1445 1600 1484 in-

105 1525 207 1567 fidos
239 1534 366 1567 autem
400 1526 577 1567 homines
611 1541 678 1583 spe
703 1535 805 1567 certa
835 1526 1025 1583 triumphi
1048 1526 1311 1577 lactaverunt,
1344 1528 1599 1583 praecipuum

107 1624 258 1666 semper
289 1610 418 1651 locum
452 1609 645 1660 obtinuit,
681 1610 789 1667 quod
814 1610 1038 1651 Matthaeus
1072 1610 1176 1651 duas
1205 1625 1396 1667 personas
1429 1610 1598 1660 induxit,

105 1692 174 1734 uhi
221 1695 334 1735 ceteri
374 1693 667 1750 Evangelistae,
717 1694 876 1736 eandem
919 1709 1001 1735 rem
1046 1702 1268 1743 narrantes,
1317 1710 1445 1735 unum
1489 1688 1601 1735 dum-

106 1785 217 1818 taxat
247 1777 444 1819 hominem
476 1779 515 1818 in
545 1792 697 1818 scenam
724 1777 989 1834 protulerunt.
1041 1777 1084 1818 Id
1116 1779 1148 1818 si
1181 1778 1298 1819 semel
1326 1778 1597 1827 intercidisset,

105 1876 275 1917 pronum
316 1860 454 1902 fuisset
493 1860 618 1903 dicere
649 1861 939 1918 Evangelistam
980 1862 1167 1903 memoria
1206 1861 1360 1917 lapsum
1393 1862 1453 1902 vel
1490 1862 1602 1903 aliter

106 1946 317 1995 erravisse3
365 1944 435 1985 sed
475 1945 610 1986 similis
655 1945 720 1985 illa
767 1960 919 2002 semper
963 1954 1001 1986 et
1047 1954 1230 1986 constans
1272 1947 1438 1986 variatio
1486 1945 1599 1986 aliam

107 2028 326 2083 explicandi
365 2030 557 2069 rationem
598 2027 797 2084 efflagitat.
860 2028 958 2069 Nam
998 2044 1079 2069 non
1114 2029 1232 2070 modo
1267 2028 1346 2069 duo
1382 2037 1497 2069 testes
1532 2028 1600 2069 ad-

106 2125 243 2151 versus
281 2126 403 2153 unum
443 2111 575 2152 eadem
615 2119 835 2153 narrantem
874 2111 964 2167 plus
997 2112 1145 2161 valent,
1188 2111 1257 2153 sed
1288 2113 1372 2168 ipse
1403 2113 1598 2154 narratio-

106 2208 199 2235 num
241 2203 449 2236 contextus
492 2197 654 2245 evincit,
699 2195 862 2251 singulis
904 2194 1131 2236 hominibus
1171 2210 1253 2236 non
1289 2194 1392 2236 binis
1434 2210 1497 2236 eas
1537 2211 1598 2237 res

106 2277 303 2319 accidisse.
359 2277 410 2320 Ut
441 2278 517 2319 hoc
548 2287 657 2328 utar,
693 2280 781 2335 quis
815 2277 1073 2329 dubitaverit,
1114 2281 1209 2336 quin
1239 2279 1374 2320 Marco
1405 2288 1443 2320 et
1471 2280 1598 2321 Lucae

104 2361 395 2402 assentiendum
426 2364 494 2412 sit,
523 2364 590 2418 qui
621 2364 739 2403 unius
768 2370 921 2404 tantum
950 2365 1228 2413 meminerunt,
1257 2377 1373 2419 quam
1393 2363 1596 2405 Matthaeo

106 2447 173 2501 qui
206 2445 307 2486 duos
341 2444 545 2486 daemonia
576 2445 763 2488 habentes
796 2461 815 2487 e
847 2446 1061 2488 Gadarenis
1100 2447 1288 2503 sepulcris
1319 2455 1505 2489 exeuntes
1539 2449 1598 2488 in-

105 2527 242 2569 ducit?
266 2525 540 2580 (Matth.VHI,
562 2528 617 2571 28
635 2544 720 2586 sqq.
746 2529 792 2571 cf.
810 2530 931 2572 Marc.
943 2530 992 2579 V,
1017 2528 1035 2572 1
1058 2545 1143 2587 sqq.
1168 2530 1381 2580 Luc.V111,
1402 2528 1456 2572 26
1477 2527 1595 2587 sqq).

102 2610 328 2652 Incredibile
378 2614 478 2653 enim
526 2611 648 2662 foret,
705 2615 738 2654 si
786 2616 874 2670 quis
922 2613 1023 2655 duos
1072 2614 1345 2655 daemoniacos
1397 2616 1599 2671 posuisset

105 2695 228 2736 eidem
267 2695 407 2737 morbo
449 2694 672 2746 obnoxios,
721 2697 853 2738 eadem
892 2712 1058 2754 prorsus
1097 2697 1399 2747 hallucinantes,
1443 2697 1596 2738 easdem

103 2777 322 2819 locutiones
363 2779 570 2834 ejicientes.
635 2778 841 2831 Similiter,
884 2796 1005 2837 quum
1037 2781 1163 2822 Lucas
1204 2796 1332 2822 semum
1362 2789 1514 2823 tantum
1547 2780 1596 2821 ad

102 2861 367 2903 Hierichuntis
399 2871 535 2919 portas
568 2877 722 2904 caecum
754 2864 951 2905 hominem
985 2864 1150 2905 collocat
1175 2861 1336 2917 (XVIII,
1362 2862 1456 2918 35),
1490 2865 1597 2905 Mar-

105 2958 171 2985 cus
205 2952 333 2986 autem
365 2960 508 2988 nomen
540 2947 624 3002 ejus
656 2947 946 2990 Bartimaeum
977 2947 1110 3003 adjicit
1141 2944 1216 3001 (X,
1236 2945 1330 3002 46),
1370 2947 1595 2990 Matthaeus
