1867 3301
694 199 881 270 ᾗ161

89 341 264 381 narravit
295 354 334 380 se
367 338 509 380 librum
542 338 638 395 legis
672 339 865 379 invenisse
898 338 936 379 in
970 337 1063 379 aede
1093 336 1286 388 Jehovae,
1322 352 1435 394 quem
1469 339 1584 380 simul

90 425 122 465 ei
162 423 349 465 tradidit«
392 419 442 476 (2
473 421 570 479 Reg.
604 421 734 472 XXII,
767 418 833 475 8).
898 421 983 463 Jam
1022 437 1116 464 vero
1155 421 1326 463 Davides
1368 424 1584 464 moriturus

91 505 298 549 Solomoni
335 515 585 564 praeceperat
626 503 674 560 (1
699 506 796 563 Reg.
827 504 879 556 II,
912 503 986 560 3),
1030 515 1075 548 ut
1115 505 1319 564 diligenter
1359 504 1586 548 observaret

88 590 262 632 Jehovac
301 593 501 640 instituta,
543 593 669 647 iisque
701 593 821 632 vitain
863 606 972 631 suam
1014 590 1198 648 dirigeret
1237 593 1397 647 »prouti
1430 592 1469 631 in
1501 590 1585 647 lege

89 674 263 716 'Mosaica
294 675 448 731 scripta
478 682 719 717 exstarent.<‹
767 674 878 716 Hanc
899 675 1021 732 legem
1045 677 1228 732 scriptam
1251 690 1333 716 non
1354 674 1446 716 alibi
1469 689 1585 731 quam

89 760 129 799 in
161 758 260 800 libro
294 758 593 801 Deuteronomii
624 761 809 816 reperiri,
851 758 967 800 nobis
1001 768 1139 801 auctor
1170 767 1230 800 est
1261 759 1494 816 compilator
1524 759 1585 800 ille

88 842 376 885 Masorcthicus
419 845 487 900 qui
526 845 644 884 istum
685 842 827 885 librum
868 844 906 884 in
948 859 1029 885 eam
1070 842 1254 894 formam,
1298 843 1449 900 qualem
1482 858 1586 884 nunc

91 926 268 978 exhibet,
303 927 561 985 redigendum
593 929 778 985 suscepit.
826 927 897 970 Ait
918 930 1019 969 enim
1046 936 1282 984 »postquam
1305 927 1439 968 Moses
1462 936 1585 969 totam

92 1012 191 1053 hanc
212 1011 333 1069 legem
356 1013 399 1053 in
420 1012 522 1054 libro
547 995 776 1075 (ἾΕῸ-ἥᾘ)
807 1014 1035 1069 scripserat,
1070 1014 1269 1070 praecepit
1288 1012 1435 1054 Levitis
1459 1027 1585 1053 arcam

92 1095 258 1137 foederis
301 1095 552 1153 portantibus
592 1076 638 1138 ut
677 1111 758 1137 eam
794 1096 914 1152 juxta
947 1112 1074 1138 arcam
1107 1095 1275 1138 foederis
1307 1096 1587 1160 JehovactDei

92 1182 151 1221 sui
186 1180 453 1237 deponerent«
489 1178 720 1234 (Deuteron.
744 1179 898 1230 XXXI,
925 1177 1148 1234 24—26).
1200 1180 1253 1221 Et
1283 1180 1454 1222 Davides
1487 1182 1584 1236 ipse,

92 1266 153 1305 cui
184 1264 349 1305 fidenter
379 1264 589 1306 tribuimus
612 1264 811 1306 Psalmum
832 1263 932 1315 XL.,
966 1265 1145 1321 loquitur
1176 1264 1229 1305 ibi
1253 1261 1306 1319 (v.
1327 1261 1370 1318 7)
1403 1265 1452 1306 de
1473 1264 1586 1305 volu-

90 1349 198 1390 mine
230 1349 325 1391 libri
356 1331 675 1411 (wan-nbmt
710 1348 813 1390 unde
847 1348 1069 1390 edidicisset
1101 1349 1252 1390 »Deum
1281 1348 1477 1390 sacrificiis
1499 1348 1587 1390 nul-

91 1433 169 1475 lum
201 1435 372 1489 pretium
405 1413 623 1474 statueres(
665 1432 776 1475 Hanc
807 1432 927 1475 fuisse
956 1431 1147 1475 Samuelis
1182 1432 1399 1475 doctrinam
1433 1440 1588 1473 constat

92 1531 142 1558 ex
181 1516 282 1558 libro
325 1516 477 1559 1Sam.
509 1517 599 1568 XV,
625 1517 701 1567 22,
745 1516 815 1558 ubi
855 1517 1051 1574 propheta
1085 1516 1249 1558 Saulum
1291 1519 1346 1558 sic
1384 1516 1585 1558 admonet:

92 1600 183 1643 »An
205 1616 299 1643 vero
331 1601 421 1658 plus
454 1601 608 1658 placent
629 1601 803 1643 Jehovae
834 1601 1111 1643 holocaustum
1145 1609 1183 1643 et
1213 1601 1366 1643 hostiae
1391 1601 1585 1659 pacificae,

92 1699 209 1742 quam
240 1694 286 1727 ut
317 1685 454 1727 audias
487 1700 623 1728 vocem
647 1686 853 1728 Jehovae?
883 1685 930 1728 Ei
964 1685 1184 1728 auscultare
1216 1686 1257 1727 id
1290 1686 1445 1728 demum
1476 1694 1589 1744 grata

91 1769 222 1810 hostia
255 1778 332 1821 est,
367 1770 565 1813 attendere
598 1779 726 1812 autem
756 1773 952 1828 acceptius
975 1771 1131 1828 adipe.«
1176 1770 1312 1828 Neque
1333 1771 1451 1812 ullam
1475 1771 1588 1811 aliam

93 1853 309 1895 doctrinam
349 1857 523 1897 invenies
564 1857 603 1897 in
642 1855 928 1913 prophetarum
969 1857 1145 1911 scriptis,
1190 1870 1289 1913 quae
1322 1855 1395 1897 sub
1428 1855 1587 1912 regibus

91 1937 251 1980 Judaeis
294 1939 397 1981 edita
435 1948 539 1981 sunt.
603 1940 727 1982 Amos
770 1939 884 1981 docet
922 1940 1110 1981 sacrificia
1151 1947 1189 1981 et
1228 1948 1363 1981 coctus
1396 1939 1588 1980 solemnes

92 2025 248 2064 minime
269 2023 444 2066 Jehovae
474 2025 646 2081 placere,
679 2038 807 2080 neque
840 2025 940 2065 enim
971 2024 1082 2065 Illum
1113 2024 1207 2065 talia
1235 2023 1419 2065 Israelitis
1451 2025 1490 2064 in
1524 2022 1590 2064 dc-

94 2115 198 2148 serto
231 2110 475 2164 praecepisse
499 2105 565 2162 (V,
591 2105 796 2160 21—25).
848 2107 1034 2150 Similiter
1056 2107 1241 2150 Jcremias
1274 2107 1443 2150 affirmat
1462 2107 1588 2149 Deum

93 2206 141 2233 nc
164 2190 283 2233 verbo
312 2191 467 2249 quidem
493 2201 607 2234 tenus
632 2193 875 2250 praecepisse
899 2192 1220 2235 holocautomata
1244 2201 1282 2235 et
1304 2194 1480 2235 victimas
1509 2207 1589 2249 quo

95 2274 155 2317 die
186 2275 379 2318 Israelitas
419 2291 468 2318 ex
498 2285 602 2319 terra
631 2276 807 2334 Aegypti
839 2275 1042 2319 eduxisset
1074 2275 1179 2330 (Vll,
1204 2277 1273 2328 22,
1299 2275 1385 2331 23).
1441 2277 1589 2319 Jesaias

97 2374 256 2417 quoque
300 2359 469 2402 declarat
499 2361 691 2403 Jehovam
729 2363 853 2420 magis
886 2362 935 2404 ad
965 2363 1149 2420 pietatem
1182 2363 1378 2404 cultorum
1411 2375 1587 2411 suorum,

95 2458 210 2502 quam
243 2443 292 2486 ad
323 2444 614 2487 multitudinem
647 2447 926 2488 sacrificiorum
959 2454 1132 2503 spectare
1167 2444 1224 2500 (I,
1254 2445 1302 2488 11
1322 2444 1478 2499 —17).
1541 2445 1592 2486 Et

93 2528 244 2571 Michas
286 2537 438 2580 noster,
481 2532 519 2571 in
562 2546 606 2572 eo
649 2531 736 2573 loco
779 2530 847 2573 ubi
889 2532 1001 2588 quasi
1034 2546 1114 2572 uno
1149 2545 1216 2572 ore
1248 2528 1298 2571 ad
1329 2530 1591 2572 Jasharanum

94 2611 238 2654 librum
270 2621 308 2655 et
327 2609 681 2656 Deuteronomium
712 2624 906 2673 provocat
939 2611 1027 2668 (VI,
1056 2611 1200 2668 1—8),
1234 2621 1366 2671 aperte
1399 2614 1593 2672 significat

95 2692 221 2738 Deum
254 2711 334 2738 non
364 2700 561 2755 requirere
583 2702 757 2756 pretiosa
780 2699 987 2749 sacrificia,
1022 2697 1091 2739 sed
1114 2707 1158 2739 ut
1179 2698 1364 2740 faciamus
1381 2699 1589 2755 justitiam,

97 2789 135 2822 et
174 2780 379 2838 diligamus
419 2783 725 2825 miscricordiam
765 2792 803 2826 et
841 2783 1040 2825 humiliter
1071 2782 1198 2825 Deum
1236 2783 1422 2826 colamus.
1488 2783 1593 2838 Quid

97 2864 284 2922 quaeris?
326 2880 458 2907 omnes
495 2867 712 2923 prophetae
742 2867 902 2910 eandem
933 2867 1162 2909 cantilenam
1193 2870 1424 2918 concinunt,
1464 2882 1593 2924 neque

97 2950 305 3008 quisquam
337 2964 473 2992 eorum
506 2950 552 2992 de
583 2951 765 2994 Leviticis
799 2953 1025 2995 ceremoniis
1059 2954 1114 2994 ita
1145 2952 1302 2996 loeutus
1337 2961 1414 3004 est,
1449 2959 1494 2993 ut
1527 2952 1595 3009 qui

1262 3034 1302 3071 11
