1867 3301
961 208 1026 254 34

246 345 344 388 clare
384 346 587 388 admonet:
636 341 659 402 ἦ
695 345 934 401 φιλοσοφία
974 346 1282 402 περιληπτικῶς
1320 346 1528 400 &soleret
1563 346 1735 402 (Strom.

244 429 317 480 VI,
351 445 389 486 p.
415 429 521 479 802,
558 430 580 470 l.
610 429 649 471 8.
683 427 858 483 Potter).
922 429 1054 487 Atque
1086 432 1235 472 utinam
1267 447 1400 474 omnes
1435 431 1649 489 Theologi,
1683 433 1737 473 nil

245 512 320 554 sibi
351 521 640 569 proponentes,
676 515 751 554 nisi
783 521 828 554 ut
849 515 1051 554 veritatem
1077 515 1346 570 explorarent,
1381 515 1591 572 tranquilla
1611 524 1736 557 mente

244 597 519 653 philosophari
552 596 733 653 possent!
767 596 825 638 Ita
857 598 956 638 enim
990 599 1131 639 certius
1165 598 1214 639 ad
1238 599 1341 640 illam
1365 600 1626 656 cognitionem
1648 614 1737 655 per-

244 681 486 729 veniremus,
522 694 621 736 quae
652 695 781 721 veram
803 680 1013 722 Ecclesiam
1046 682 1114 723 alit
1134 690 1183 738 et
1213 685 1397 732 sustinet,
1434 697 1533 740 quae
1563 698 1737 740 paganae

244 764 489 819 ignorantiae
536 762 656 806 sacen]
705 764 897 814 accendit,
948 780 1045 822 quae
1093 765 1309 807 haereticos
1356 781 1506 808 errores
1547 765 1735 808 confutat.

245 844 463 887 Confirmat
501 849 601 888 enim
641 847 743 888 idem
777 846 954 889 Clemens
995 845 1166 901 (Strom.
1190 849 1262 899 VI,
1301 864 1340 905 p.
1371 847 1458 892 894
1490 849 1513 890 Ι.
1548 847 1600 891 12
1639 850 1736 891 Pot-

243 926 346 982 ter):
394 929 521 984 τριῶν
561 925 701 972 οὕσῶν
742 930 986 972 διαθεσέων
1023 934 1094 986 τῆς
1141 931 1283 989 ψυχῆς
1331 927 1571 984 οῗγνοίας,
1621 929 1737 988 οἰή-

245 1022 341 1054 σεω
356 1028 397 1062 ς,
431 1011 734 1068 ἐπιστήμης,
768 1011 808 1054 οἳ
839 1015 917 1067 μὲν
948 1013 995 1055 ἒν
1025 1014 1073 1073 τῇ
1105 1012 1259 1066 ἀγνοίᾳ
1289 1011 1342 1055 τοὶ
1375 1013 1508 1070 ἔθνη·
1541 1013 1581 1056 οἳ
1613 1014 1660 1056 δὲ
1690 1014 1737 1058 ἓν

241 1095 292 1155 τῇ
329 1095 532 1155 ἐπιστήμῃ
565 1092 589 1152 ἦ
617 1094 836 1152 Ἐκκλησία
867 1094 891 1152 ἦ
925 1094 1114 1152 ἀληθής·
1153 1095 1204 1152 ,οἳ
1236 1096 1284 1139 δὲ
1315 1097 1361 1139 ἓν
1392 1097 1523 1153 οἰήσει
1554 1096 1594 1139 οἳ
1625 1095 1735 1140 κατὰ

242 1175 318 1227 τοὶς
358 1177 551 1236 αἶρέσεις.
619 1180 705 1221 Jam
745 1196 838 1222 vero
881 1178 1170 1222 Christianismi
1216 1181 1346 1223 lumen
1392 1182 1476 1223 illas
1523 1181 1734 1223 infidelium

242 1262 424 1305 tenebras
472 1265 597 1304 serius
647 1278 770 1320 ocyus
819 1263 1047 1320 dissipabit3
1093 1263 1174 1305 dies
1217 1263 1361 1306 delebit
1399 1265 1463 1306 illa
1504 1267 1734 1321 opinionum

243 1355 478 1397 commenta,
521 1347 586 1387 illa
619 1349 761 1389 veritas
802 1361 944 1403 magna
975 1355 1034 1388 est
1065 1355 1103 1388 et
1133 1347 1384 1403 praevalebit.
1448 1347 1527 1390 Sed
1558 1348 1655 1389 nihil
1686 1348 1735 1389 ad

242 1430 348 1472 hunc
387 1433 536 1472 exitum
576 1430 852 1472 maturandum
891 1430 982 1487 plus
1015 1430 1226 1480 conducet,
1269 1445 1384 1487 quam
1419 1429 1732 1473 Christianorum

242 1516 343 1555 inter
374 1529 413 1555 se
446 1513 640 1555 fraternus
673 1528 783 1555 amor
816 1523 933 1571 atque
965 1516 1116 1564 unitas,
1159 1514 1356 1556 vinculum
1388 1514 1485 1555 illud
1515 1515 1733 1572 relligiosae

240 1597 491 1654 perfectionis
526 1594 700 1651 (Coloss.
723 1597 789 1646 ΙΙΙ,
818 1594 902 1650 14).
950 1597 1143 1654 Equidem
1170 1599 1324 1654 quoties
1348 1597 1580 1639 hodiernum
1602 1598 1734 1640 Eccle-

242 1683 322 1722 siae
363 1689 508 1722 statum
548 1681 811 1737 contemplor,
852 1680 921 1721 ubi
962 1682 1000 1721 in
1042 1680 1226 1722 seditiosa
1267 1682 1497 1737 opinionum
1534 1681 1733 1723 conflicta-

240 1766 348 1806 tione
380 1764 477 1805 alter
507 1764 671 1806 alterum
704 1763 778 1805 sub
812 1764 995 1805 haeretici
1021 1766 1177 1805 nomine
1200 1764 1424 1820 compellat,
1459 1773 1575 1821 atque
1598 1779 1731 1807 omnes

241 1842 417 1902 ἆγαπῆν
453 1847 557 1888 illam
599 1856 808 1897 exuenteS,
858 1862 953 1888 suos
994 1849 1033 1888 in
1075 1846 1234 1889 Christo
1275 1846 1413 1888 fratres
1453 1846 1595 1889 infesto
1638 1848 1730 1889 odio

240 1939 551 1988 persequuntur,
596 1932 688 1988 quia
727 1931 871 1973 scilicet
910 1932 949 1971 in
988 1931 1209 1987 quisquiliis
1241 1932 1370 1971 nescio
1405 1929 1548 1987 quibus
1581 1930 1731 1972 dissen-

243 2016 365 2063 tiunt,
400 2029 480 2055 non
512 2027 676 2070 possum
710 2015 804 2070 quin
836 2016 877 2055 in
908 2016 1134 2055 memoriam
1165 2028 1343 2055 revocem
1376 2013 1495 2055 verba
1525 2014 1610 2064 illa,
1646 2016 1731 2071 qui-

238 2096 315 2139 bus
347 2097 541 2139 Dominus
581 2098 665 2153 ipse
703 2105 839 2138 noster
879 2099 919 2138 in
958 2099 1071 2138 nimis
1105 2099 1259 2138 anxiam
1290 2096 1469 2139 Marthae
1501 2096 1731 2139 sollicitudi-

239 2195 327 2221 nem
359 2179 711 2222 animadvertebat:
760 2181 965 2231 »Martha‚
997 2180 1174 2222 Martha!
1222 2180 1386 2221 sollicita
1418 2195 1457 2221 es
1490 2188 1528 2222 et
1557 2180 1729 2222 turbaris

240 2265 340 2304 circa
379 2263 561 2319 plurima.
626 2262 706 2304 Sed
744 2278 825 2305 uno
868 2278 969 2320 opus
1003 2271 1079 2312 est,
1121 2271 1159 2304 et
1188 2263 1314 2304 Maria
1344 2262 1489 2304 bonam
1520 2263 1623 2304 illam
1655 2262 1728 2303 sibi

238 2354 389 2403 partem
429 2345 562 2402 elegit,
605 2360 704 2403 quae
745 2345 794 2387 ab
836 2360 879 2387 ea
912 2361 994 2386 non
1026 2345 1250 2387 auferetur«
1292 2342 1409 2398 (Luc.
1438 2344 1497 2395 X,
1540 2344 1590 2386 ad
1620 2343 1726 2398 fin.).

237 2430 287 2470 Iis
319 2428 517 2485 prosectO,
561 2430 628 2485 qui
660 2428 709 2469 ad
740 2428 962 2485 theologiae
995 2427 1192 2469 docendae
1224 2442 1366 2468 munus
1399 2427 1606 2477 accedunt,
1647 2443 1727 2469 non

239 2512 346 2553 aliud
376 2513 627 2569 propositum
660 2520 720 2553 est
749 2511 940 2562 officium,
976 2526 1092 2568 quam
1115 2510 1223 2567 quod
1245 2510 1292 2551 D.
1315 2510 1463 2552 Paulus
1485 2512 1525 2552 in
1546 2519 1727 2552 nascente

238 2596 410 2637 Ecclesia
446 2595 657 2637 Timotheo
699 2610 772 2636 suo
809 2596 1061 2652 praescripsit
1093 2591 1135 2646 (2
1159 2593 1261 2635 Tim.
1283 2593 1334 2643 II,
1367 2591 1558 2647 23—26)
1589 2608 1726 2650 nempe

241 2687 311 2719 »ut
343 2678 516 2719 devitent
547 2680 773 2734 insipientes
806 2687 923 2734 atque
955 2677 1132 2719 indoctas
1165 2678 1434 2734 quaestiones,
1477 2691 1597 2734 quum
1627 2676 1726 2718 bene

240 2763 423 2802 noverint
455 2776 517 2802 cas
550 2776 629 2802 non
662 2763 736 2802 nisi
770 2761 855 2802 lites
887 2776 1071 2817 generare
1105 2758 1197 2813 (hoc
1229 2768 1306 2809 est,
1334 2760 1583 2815 polemicam
1608 2759 1723 2808 illam,

241 2858 339 2901 quae
372 2853 554 2892 vocatur,
598 2842 888 2899 theoloyiam);
927 2859 1015 2885 nam
1054 2858 1209 2885 servum
1241 2857 1285 2883 ac
1317 2844 1536 2884 ministrum
1568 2843 1725 2884 Domini

238 2942 320 2969 non
353 2935 511 2983 oportet
540 2927 691 2984 litigare
724 2924 817 2980 (hoc
839 2935 917 2978 est,
951 2927 1232 2969 controversiis
1260 2926 1439 2969 studium
1459 2921 1722 2982 impendere),
