1867 3301
941 209 1007 256 20

742 389 1088 440 CAPITULUM
1124 390 1200 439 IV.

226 492 392 538 Librum,
423 494 485 541 qui
513 492 656 529 Jaslzar
688 500 942 542 nuncupatur,
972 493 1113 529 Veteris
1142 493 1388 539 Testamenti,
1421 493 1541 542 quoad
1568 493 1714 542 pietatis

307 576 493 609 normam,
533 564 774 613 archetypum
812 563 942 609 fuisse,
981 564 1037 600 vel
1076 576 1120 600 ex
1153 565 1232 612 ipsa
1261 565 1417 601 nominis
1448 564 1715 613 significatione

307 636 418 671 statui
448 641 581 683 potest.

343 761 374 802 E
407 761 506 802 libro
530 761 748 803 Jasharano
784 762 884 803 duos
915 762 1163 803 solummodo
1189 762 1297 803 locos
1320 764 1360 803 in
1382 762 1503 804 Sacro
1527 771 1716 804 contextu

226 844 367 885 electos
400 847 708 901 nominatimque
740 845 920 886 laudatos
954 845 1155 886 habemus.
1185 870 1231 876 —
1271 844 1399 887 Unum
1423 846 1622 895 videlicet,
1658 854 1716 887 at-

226 942 300 984 que
340 927 447 968 illum
480 927 590 968 brevi
624 937 813 984 quattuor
845 929 1127 970 versiculorum
1159 931 1345 985 pericopa
1378 929 1713 985 comprehensum,

225 1012 265 1051 in
298 1010 397 1051 libro
431 1010 576 1052 Josuae
608 1008 682 1064 (X,
712 1008 801 1064 13),
835 1011 903 1052 ubi
937 1013 1100 1052 victoria
1131 1012 1216 1061 illa,
1252 1026 1368 1068 quam
1393 1011 1566 1053 Gibeone
1594 1012 1717 1052 Israe-

224 1094 313 1135 litae
335 1088 609 1149 reportabant,
646 1096 786 1135 veteris
811 1096 947 1135 cantici
977 1109 1051 1150 ope
1085 1103 1430 1145 connnen'ioratum
1476 1120 1515 1124 —
1553 1094 1716 1135 alterum

226 1178 265 1217 in
287 1177 459 1217 seeundo
483 1176 583 1217 libro
609 1176 800 1218 Samuelis
825 1174 875 1229 (l,
905 1175 957 1218 18
981 1176 1104 1233 sqq),
1131 1177 1200 1218 ubi
1221 1177 1522 1234 pulcherrimam
1544 1177 1646 1218 illam
1670 1177 1715 1218 de

226 1260 347 1301 Saule
381 1268 419 1300 et
439 1259 661 1301 Jonathane
693 1262 870 1301 naeniam
903 1269 1124 1317 excerptam
1146 1260 1348 1302 habemus.
1398 1259 1617 1315 Utrobique
1638 1259 1716 1301 fere

225 1343 384 1384 eandem
416 1343 579 1400 legimus
613 1345 854 1385 citationem.
887 1342 1020 1390 ἾΨἾΓΊ
1051 1347 1174 1389 ‘1:0-
1156 1326 1244 1390 ³79
1273 1347 1442 1390 ΓῚΞἾΠΞ
1467 1348 1581 1388 ΝἿΠ·
1564 1329 1714 1392 ἡξῙἾἺ,

224 1442 358 1467 nonne
399 1425 474 1467 hoc
513 1428 710 1482 scriptum
750 1434 806 1467 est
842 1428 886 1467 in
924 1427 1026 1468 libro
1066 1425 1248 1468 chslzw?
1285 1397 1385 1467 vel
1387 1423 1434 1474 D
1468 1431 1586 1476 mn,
1629 1441 1717 1468 ecce

224 1510 421 1565 scriplum
454 1516 511 1550 est
542 1518 612 1550 etc.
675 1509 773 1550 Nam
808 1492 945 1555 »ΝῘὛἾ
983 1512 1142 1566 plopiie
1180 1507 1342 1551 nomas2
1380 1509 1470 1550 facit
1509 1509 1558 1550 ad
1593 1518 1716 1551 atten-

224 1595 369 1633 tionem
412 1592 677 1642 excitandam,
719 1601 765 1634 ut
804 1597 901 1637 mn
944 1593 1058 1634 eece!
1096 1608 1169 1650 pro
1212 1608 1289 1650 quo
1331 1576 1441 1652 &¹717
1479 1592 1586 1633 haud
1625 1607 1715 1634 raro

223 1677 387 1732 ponitui
406 1678 634 1731 131¹·aese1ti111
657 1678 695 1717 ἰιι
720 1672 1009 1717 Chronicb'rum
1030 1676 1166 1717 libris«
1201 1656 1491 1728 (Rosenmiiller
1513 1675 1562 1716 ad
1583 1675 1607 1716 l.
1630 1675 1714 1717 Jos.

223 1775 262 1814 p.
291 1757 404 1811 173).
471 1758 547 1812 Qui
578 1758 675 1800 liber
708 1760 833 1816 qualis
867 1759 1003 1809 fuerit,
1046 1761 1078 1799 si
1111 1761 1198 1816 quis
1233 1768 1410 1815 quaeret,
1446 1758 1553 1800 facile
1584 1773 1716 1800 recen-

224 1842 325 1883 sebit
362 1843 482 1883 multa
514 1842 755 1883 ,Iudaeorum
799 1851 836 1884 et
869 1842 1183 1884 Christianorum
1222 1842 1418 1898 figmenta.
1480 1842 1584 1883 Inter
1616 1856 1715 1898 quae

223 1928 432 1982 praecipue
470 1926 618 1981 placuit
656 1926 832 1967 Lowthii
875 1927 1118 1982 conjectura,
1170 1927 1236 1981 qui
1279 1924 1516 1981 opinabatur
1552 1923 1714 1966 Librum

223 2008 380 2050 Jaslmr
418 2008 538 2050 fuisse
580 2009 774 2065 »aliquam
815 2008 1004 2066 Syllogen
1039 2008 1290 2051 Canticorum
1323 2008 1555 2057 Sacrorum,
1595 2009 1713 2048 variis

225 2091 272 2132 de
310 2091 427 2132 rebus
469 2100 506 2134 et
546 2091 710 2133 diversis
744 2092 988 2148 temporibus
1023 2092 1292 2142 conditorum,
1333 2107 1498 2148 eumque
1529 2090 1713 2132 habuisse

225 2174 404 2215 Titulum
446 2190 494 2215 ex
534 2190 579 2216 eo
621 2175 730 2231 quod
770 2184 808 2216 et
845 2177 928 2231 ipse
968 2175 1066 2216 liber
1097 2184 1135 2216 et
1166 2176 1319 2232 singula
1350 2176 1534 2232 pleraque
1568 2176 1715 2215 cantica

225 2271 312 2298 cum
334 2272 429 2299 voce
451 2260 566 2303 ἾΨἾἹ
598 2259 837 2313 inciperent«
874 2255 940 2310 (de
971 2273 1091 2299 sacra
1108 2259 1229 2313 poesi
1250 2257 1533 2300 Ilebraeormn
1564 2272 1602 2313 p.
1627 2255 1712 2299 229

224 2337 340 2392 not.).
392 2338 510 2392 Quod
541 2339 668 2389 addit,
703 2341 742 2380 in
770 2340 903 2381 eadem
926 2342 1111 2395 opinione
1134 2340 1252 2381 fuisse
1276 2349 1440 2381 veterem
1464 2342 1711 2395 interpretem

226 2422 395 2478 Syrum,
431 2422 470 2463 id
502 2437 640 2478 parum
674 2422 861 2478 ponderis
894 2421 1036 2463 habere
1069 2424 1162 2462 satis
1196 2422 1367 2463 ostendit
1388 2422 1556 2478 Ilgenius
1588 2437 1610 2462 a
1631 2422 1713 2463 Ro-

226 2506 457 2546 senmiillero
493 2507 633 2546 citatus
667 2502 723 2557 (u.
748 2520 778 2546 5.
807 2520 845 2561 p.
873 2501 985 2558 174).
1033 2504 1225 2560 Equidem
1260 2506 1389 2545 omnia
1420 2505 1493 2545 alia
1524 2506 1712 2560 interpre-

224 2595 395 2628 tamenta
436 2588 675 2629 confidenter
707 2587 868 2642 abjicio,
912 2589 1058 2643 quippe
1092 2589 1158 2643 qui
1189 2589 1301 2628 unice
1335 2602 1462 2629 veram
1495 2589 1712 2628 existimem

226 2671 328 2710 illam
370 2671 471 2711 tituli
513 2671 810 2726 explicationem
853 2684 969 2726 quam
1009 2671 1048 2709 in
1088 2684 1160 2710 suo
1195 2669 1401 2710 Thesauro
1441 2670 1607 2726 protulit
1637 2672 1708 2719 vir,

226 2752 317 2793 (lum
351 2755 466 2793 vivus
500 2752 591 2803 suit,
637 2768 787 2794 summa
819 2752 1017 2793 doetrinae
1049 2760 1165 2807 atque
1197 2753 1341 2808 ingenii
1372 2752 1485 2793 laude
1516 2752 1711 2793 florentis-

226 2837 366 2884 simus,
402 2837 547 2891 quique
580 2838 617 2875 in
652 2836 712 2876 his
746 2836 882 2876 litteris
907 2834 1015 2875 facile
1041 2836 1301 2890 principatum
1326 2834 1515 2884 obtinuit,
1552 2834 1711 2875 Guiliel-

226 2932 312 2959 mus
346 2917 558 2959 Gesenius:
590 2933 678 2959 nam
711 2920 765 2959 sic
797 2920 850 2959 ait
882 2914 936 2973 (p.
962 2914 1082 2969 642):
1116 2912 1277 2985 »ἾΨΞῌ
1308 2921 1427 2977 ἾΞζ),
1461 2917 1562 2960 liber
1584 2917 1711 2973 probi
