1867 3301
792 193 909 266 299-

66 322 300 403 mamam&
336 336 411 391 Qui
446 336 615 377 volucrit
649 344 806 394 tangere
841 352 916 387 eas,
952 339 1112 378 instruit
1144 351 1183 378 se
1217 337 1322 394 ligno
1358 336 1513 380 serrato,

339 420 471 477 Atque
503 420 604 462 illico
637 423 725 478 igne
760 421 1058 462 comburuntur.

563 819 843 864 CANTICUM
881 819 1117 864 SEXTUM.

570 931 778 970 Solomonis
799 931 1095 982 Epithalamium.

690 1164 986 1204 PROOEMIUM.

92 1245 306 1323 mamma}
338 1258 482 1300 Fervet
513 1272 581 1300 cor
611 1273 761 1310 meu1n3
795 1259 901 1300 bona
932 1258 1052 1300 verba
1086 1259 1195 1310 dic03

337 1342 519 1385 Carmina
549 1357 633 1384 mea
666 1343 715 1385 ad
744 1358 874 1401 regem
905 1346 1123 1400 pertinent3

334 1427 487 1485 Lingua
517 1442 602 1470 mea
634 1436 692 1470 est
724 1430 826 1469 sicut
856 1428 983 1484 stylus
1017 1426 1165 1470 scribae
1197 1429 1363 1485 experti.
1383 1410 1432 1460 ⁴—-

500 1597 757 1626 PRAEFECTUS
792 1597 914 1624 CHORI
945 1598 997 1624 AD
1030 1597 1178 1626 REGEM.

763 1677 877 1712 strophe
895 1677 916 1706 1.

255 1770 298 1809 [3]
332 1760 624 1803 pulcherrimus
657 1770 703 1803 tu
735 1776 775 1803 es
807 1764 908 1803 inter
939 1762 1131 1804 homines.

332 1844 495 1887 Summa
525 1848 652 1902 gratia
684 1847 723 1886 in
755 1845 868 1886 labiis
899 1848 979 1887 tuis
1013 1845 1156 1887 diffusa
1187 1855 1258 1888 est.

330 1928 523 1983 Quocirca
554 1928 661 1970 Deus
695 1928 766 1970 tibi
797 1931 837 1970 in
868 1938 1103 1987 perpetuum
1133 1929 1348 1973 benedixit.

255 2022 299 2057 [41
331 2012 504 2069 Accinge
536 2013 709 2070 gladium
742 2013 880 2055 femori
912 2022 996 2063 tuo,
1033 2029 1055 2054 0
1089 2014 1228 2056 heros!

332 2095 499 2147 Scilicet,
534 2097 652 2138 decus
684 2106 797 2138 tuum
830 2112 874 2139 ac
904 2099 1158 2153 majestatem.

253 2189 296 2228 [5]
328 2181 370 2222 In
402 2181 475 2221 hac
505 2189 574 2222 tua
606 2182 806 2237 majestate
838 2196 1027 2239 prospere
1060 2196 1178 2224 curru
1211 2182 1379 2232 vehitor,

330 2262 382 2305 Ut
413 2266 636 2314 veritatem,
671 2265 930 2315 clementiam,
957 2266 1154 2321 justitiam
1187 2266 1384 2317 defendas,

327 2347 379 2389 Et
412 2347 550 2389 dextra
581 2347 651 2390 tibi
685 2348 773 2390 edet
804 2349 1004 2391 terribilia.

252 2438 295 2479 [6]
327 2430 478 2473 Acutae
511 2441 604 2473 sunt
635 2434 799 2490 sagittae
830 2442 940 2483 tuae3

326 2515 472 2572 Populi
503 2515 574 2558 tibi
607 2516 873 2566 succumbent,

329 2598 438 2653 Quot
468 2614 518 2642 ex
549 2602 678 2642 animo
710 2603 814 2658 regis
848 2608 943 2642 sunt
974 2602 1129 2642 inimici.

632 2758 787 2786 CHORUS
820 2758 873 2786 AD
906 2758 1028 2786 DEUM.

251 2860 293 2895 [τ]
329 2849 519 2891 Thronus
550 2859 658 2902 tuus,
693 2867 716 2893 o
749 2851 869 2902 Deus,
904 2860 1084 2893 aeternus
1118 2861 1188 2903 est,

328 2932 534 2991 Sceptrum
566 2933 776 2991 probitatis
809 2944 868 2977 est
899 2944 1097 2994 sceptrum
1128 2938 1237 2993 regni
1270 2936 1346 2978 tui!
