1867 3301
252 324 323 354 Gen.
339 324 444 353 XLIX.

397 368 461 403 [17]

395 681 458 716 [18]

394 763 458 799 [19]

397 929 460 965 [20]

395 1096 459 1131 [21]

395 1346 458 1380 [22]

392 1512 456 1548 [23]

392 1761 455 1797 [24]

390 2093 454 2128 [25]

389 2505 454 2541 126]

389 2918 450 2953 [27]

954 199 1050 246 182

497 340 583 380 Dan
616 342 688 380 erit
723 340 824 380 sicut
855 353 1014 395 serpens
1046 342 1084 380 in
1117 342 1197 389 via,

494 422 606 464 Sicut
641 431 807 464 cerastes
841 426 880 463 in
912 424 1083 471 tramite,

496 505 572 559 Qui
604 505 758 546 mordet
791 505 931 546 calcem
962 507 1070 561 equi,

497 587 546 630 Ut
580 602 697 644 eques
732 597 949 630 retrorsum
983 588 1107 629 cadat.

495 671 627 712 Tuum
661 672 851 713 auxilium
883 680 1081 728 exspecto,
1115 671 1286 713 Jehova!

495 752 580 795 Gad
613 754 660 795 ab
694 755 809 796 hoste
841 753 1101 803 infestabitur‚

494 836 573 878 Sed
606 846 823 879 extremum
855 837 1116 879 recedentium
1149 852 1286 894 agmen
1319 837 1530 880 adorietur.

494 918 620 962 Asher
651 923 789 977 pingui
823 920 909 961 cibo
943 919 1106 969 fruetur,

492 1003 604 1044 Adeo
638 1011 682 1044 ut
714 1003 774 1043 vel
807 1005 889 1060 regi
921 1002 1106 1059 cupedias
1139 1004 1343 1044 ministret.

492 1083 708 1137 Naphsslali
742 1094 800 1127 est
832 1100 945 1127 cerva
976 1088 1136 1135 emissa,

490 1168 682 1210 Mandans
717 1168 829 1210 effata
860 1169 1134 1225 pulcherrima.

944 1250 967 1305 ξ
999 1250 1040 1293 4.

492 1335 691 1377 Juvencus
724 1344 783 1377 est
812 1334 1034 1388 Josephus‚

489 1418 688 1460 Juvencus
720 1434 845 1476 prope
880 1418 1038 1460 fontem.

489 1501 609 1543 Ferae
642 1510 849 1543 montanae
881 1516 1000 1557 super
1032 1516 1119 1543 eum
1150 1500 1449 1544 insidiabantur.

487 1585 786 1626 Exacerharunt
818 1599 925 1635 eum,
953 1585 1113 1640 jaculati
1147 1593 1260 1634 sunt,

487 1668 539 1708 Et
572 1667 663 1709 odio
696 1670 891 1724 persecuti
923 1670 1126 1725 sagittarii.

492 1750 571 1793 Sed
602 1751 736 1792 firmus
769 1753 912 1792 mansit
943 1765 1056 1792 arcus
1090 1751 1186 1806 ejus,

486 1834 538 1875 Et
569 1834 683 1890 agilia
715 1833 874 1875 fuerunt
904 1833 1064 1875 brachia
1096 1848 1281 1875 manuum
1313 1835 1451 1890 ipsius.

486 1917 563 1958 Per
593 1932 730 1958 manus
763 1919 936 1973 potentis
969 1917 1062 1966 Dei,
1098 1931 1213 1973 quem
1244 1917 1416 1958 Jacobus
1449 1917 1588 1966 coluit,

485 2000 561 2041 Per
592 2014 735 2041 nomen
768 2000 1026 2041 custodientis
1059 2000 1227 2057 lapidem
1257 1999 1421 2049 Israelis,

488 2083 564 2124 Per
594 2083 721 2124 Deum
752 2084 874 2138 patris
908 2085 985 2133 tui,
1021 2085 1089 2139 qui
1120 2092 1157 2125 te
1190 2083 1360 2139 adjuvit,

485 2165 536 2206 Et
569 2164 907 2221 Omnipotentem,
942 2167 1009 2222 qui
1041 2165 1113 2207 tibi
1143 2165 1363 2216 benedixit,

488 2246 577 2288 Sint
607 2246 680 2287 tibi
711 2247 1002 2290 benedictiones
1035 2249 1132 2290 coeli
1165 2249 1345 2305 desuper,

485 2329 781 2371 Benedictiones
814 2330 1022 2386 profundi,
1058 2331 1167 2387 quod
1197 2331 1298 2374 infra
1329 2331 1465 2381 cubat,

484 2412 781 2454 Benedictiones
814 2412 945 2454 uberis
979 2421 1017 2453 et
1048 2416 1160 2454 uteri.

486 2495 783 2536 Benedictiones
816 2497 938 2551 patris
974 2497 1029 2536 tui
1062 2495 1271 2538 valuerunt

485 2577 615 2634 Super
645 2577 934 2620 benedictiones
967 2581 1158 2620 montium
1191 2581 1572 2636 antiquissimorum,

482 2661 534 2702 Et
565 2660 719 2702 delicias
753 2662 909 2703 collium
940 2670 1198 2704 aeternorum.

482 2744 654 2786 Veniant
684 2747 722 2785 in
756 2753 874 2800 eaput
903 2745 1085 2801 Josephi,

484 2827 526 2866 In
558 2829 741 2868 verticem
773 2828 937 2883 sejuncti
970 2842 992 2868 a
1023 2827 1209 2869 fratribus
1242 2831 1336 2870 suis.

484 2907 693 2958 Beniamin
724 2918 782 2951 est
812 2910 930 2966 lupus
962 2925 1106 2966 rapax,
