1867 3301
961 205 1058 251 292

266 336 281 361 2
298 332 375 360 Sam.
395 332 415 359 I.

410 372 472 411 [22]
508 343 540 386 Ο
564 353 715 386 montes
735 343 915 387 Gilboae!
954 360 1000 386 ne
1025 346 1064 386 in
1087 359 1158 385 vos
1180 358 1246 386 ros
1270 352 1338 385 aut
1367 344 1502 400 pluvia
1527 343 1755 396 descendat3

504 428 641 470 Estote
675 430 799 485 campi
832 437 1064 485 montesque
1096 427 1253 469 mortis!

506 511 604 553 Nam
637 511 689 553 ibi
723 512 897 568 abjectus
930 520 989 552 est
1021 512 1180 568 clypeus
1214 512 1391 562 heroum,

508 594 681 652 Clypcus
715 595 838 645 Sauli,
874 595 959 637 olco
993 609 1073 636 non
1105 595 1268 636 unctus!

413 687 474 725 [22]
508 678 546 720 A
577 681 768 736 sanguine
801 681 1045 729 occisorum„
1072 678 1120 719 ab
1154 678 1266 736 adipe
1298 677 1459 720 fortium
1492 692 1604 720 arcus
1635 677 1756 721 Jona-

973 762 1103 803 thanis
1135 777 1215 803 non
1247 762 1508 813 avertebatur,

508 845 669 887 Gladius
703 845 811 888 Sauli
843 861 924 888 non
955 845 1109 887 redibat
1141 848 1222 886 sine
1253 846 1411 902 pracda.

412 940 474 974 [23]
507 929 652 972 Saulus
686 938 722 971 ct
752 929 963 979 Jonathan,
1000 928 1127 970 dilecti
1159 929 1213 969 illi
1246 937 1284 970 ct
1314 928 1496 970 amabiles
1520 931 1560 970 in
1582 931 1674 980 vita,
1707 944 1754 970 ne

974 1015 1013 1053 in
1045 1021 1169 1053 morte
1202 1013 1358 1069 quidem
1391 1021 1483 1054 sunt
1515 1011 1707 1070 dirempti.

506 1096 662 1153 Aquilis
696 1104 806 1138 erant
838 1096 1064 1145 velociores,
1098 1095 1282 1138 fortiores
1315 1095 1508 1138 leonibus.

413 1190 476 1225 124]
511 1178 543 1221 Ο
578 1182 747 1237 virgines
778 1180 948 1221 Israelis!
983 1179 1118 1222 deflete
1152 1179 1327 1230 Saulum,

510 1262 585 1317 Qui
617 1263 732 1305 vobis
766 1265 966 1305 coccineae
998 1265 1117 1305 vestis
1151 1264 1306 1305 delicias
1340 1262 1577 1320 imponebat,

508 1346 584 1401 Qui
617 1362 776 1389 aureum
811 1356 992 1389 ornatum
1024 1350 1164 1389 vestris
1197 1346 1366 1389 addebat
1396 1347 1648 1389 vestimentis.

411 1442 473 1476 125]
509 1430 719 1484 Quomodo
754 1432 976 1473 ceciderunt
1007 1431 1145 1476 heroes
1174 1433 1217 1472 vin
1248 1430 1376 1472 medio
1409 1429 1582 1487 proelio!

508 1513 718 1568 Quomodo
752 1515 951 1557 Jonathan
983 1517 1023 1556 in
1054 1513 1254 1556 montibus
1286 1516 1364 1556 tuis
1398 1513 1605 1556 confossus
1638 1512 1716 1556 est!

407 1608 472 1643 126]
505 1597 724 1640 Vehemens
757 1613 816 1640 mc
850 1597 964 1640 dolor
1001 1598 1109 1640 subit
1145 1607 1309 1656 propter
1347 1607 1404 1649 tc,
1446 1600 1498 1640 mi
1536 1596 1655 1640 frater
1684 1596 1754 1639 Jo-

972 1682 1131 1723 nathan.

509 1764 566 1806 Te
597 1767 637 1806 in
668 1767 804 1822 primis
834 1764 973 1806 dilexi!

504 1848 630 1890 Amor
660 1857 754 1890 tuus
786 1849 881 1889 mihi
913 1850 1074 1890 suavior
1104 1848 1179 1890 fuit
1209 1863 1340 1891 amore
1373 1847 1612 1891 seminarum.

409 1940 471 1978 [27]
506 1931 717 1986 Quomodo
751 1932 973 1974 ceciderunt
1002 1932 1155 1982 heroes,

504 2014 637 2072 Atque
670 2030 775 2057 arma
805 2014 941 2057 bellica
972 2017 1081 2058 irrita
1107 2016 1257 2072 jacent!

695 2172 982 2210 EPIMETRUM
1013 2172 1076 2209 DE
1109 2172 1317 2210 ABNERO.

265 2253 470 2331 Ίῦξῗζᾚῗζη
503 2264 609 2322 Ergo
642 2264 845 2315 Abnerum
878 2267 986 2308 stulti
1021 2268 1143 2307 instar
1176 2268 1274 2307 mori
1308 2264 1516 2322 oportuit?

408 2359 471 2396 [34]
504 2349 647 2391 Manus
678 2356 769 2389 tuae
800 2364 880 2390 non
913 2351 1064 2390 vinctae
1096 2357 1224 2399 crant,
1265 2364 1336 2391 nec
1366 2349 1483 2406 pedes
1515 2349 1573 2390 tui
1606 2349 1748 2390 catenis

971 2432 1160 2488 impediti.

506 2514 690 2557 Cecidisti
722 2524 768 2557 ut
799 2517 866 2572 qui
897 2514 1101 2557 hominum
1131 2528 1298 2572 nequam
1329 2513 1466 2557 fraude
1498 2513 1654 2558 cadunt.
