1867 3301
254 329 450 380 suboluit,
501 330 600 370 vidit
645 338 774 370 tamen
816 328 1050 370 vocabulum
1090 332 1242 397 ἘἾἾΨἾ
1281 332 1471 386 respicere
1513 331 1563 372 ad
1602 346 1742 373 nomen

253 395 436 480 ῙἺζξἾτῖζῒἾ.
500 411 565 454 Sic
604 414 703 453 enim
744 412 898 454 scribit:
946 413 1119 454 »utinam
1160 415 1306 454 moriar
1342 421 1505 456 mortem
1539 414 1742 469 justorum

253 498 277 537 i.
302 510 334 537 e.
361 496 642 545 Israelitarum,
676 498 735 536 uti
768 511 815 536 ex
850 497 947 536 serie
981 498 1169 537 orationis
1203 496 1342 553 liquet,
1378 497 1568 539 allusione
1600 497 1650 537 ad
1679 497 1752 540 lit-.

252 587 352 620 teras
385 584 481 625 *ww*
512 578 631 629 sacta,
667 594 687 619 a
721 578 864 635 quibus
896 579 1157 620 Israelitarum
1189 595 1330 621 nomen
1363 581 1511 636 incipit.
1573 579 1742 622 Videtur

250 661 406 703 illorum
438 661 650 703 verborum
684 676 821 703 sensus
855 677 937 703 esse
970 662 1051 703 hic:
1084 663 1275 704 Israelitae
1307 671 1415 704 tanta
1448 662 1627 704 fruentur
1658 662 1741 703 seli-

251 746 384 794 citate‚
427 745 579 801 qualem
621 746 703 800 ipse
736 745 830 785 mihi
863 760 989 800 usque
1021 745 1070 786 ad
1102 755 1266 787 mortem
1299 755 1416 802 opt03
1459 761 1496 802 q.
1521 746 1558 787 d.
1591 748 1739 787 utinam

250 828 344 868 mihi
376 830 579 884 contingat
610 842 731 884 aeque
764 827 1008 869 fortunatum
1042 831 1152 870 mori.
1209 830 1340 870 Innuit
1368 829 1578 879 Bileamus,
1610 838 1738 871 totum

248 911 442 967 populum
471 911 723 952 Israeliticum
754 927 824 968 per
857 914 986 952 omnia
1018 912 1151 953 sutura
1172 920 1348 968 tempora
1372 911 1635 954 felicissimum
1656 912 1738 953 fore

248 1008 374 1050 neque
406 994 528 1035 ullum
561 995 702 1036 malum
737 1010 819 1036 esse
851 1004 1149 1051 experturum«
1215 994 1319 1048 Quid
1351 995 1536 1052 quaeris?
1573 998 1604 1037 si
1634 995 1738 1036 ullus

248 1075 323 1117 fuit
354 1076 451 1118 liber
473 1075 580 1145 Ἶῖᾅῖ,
615 1080 647 1118 si
679 1078 765 1118 talis
799 1078 891 1128 suit,
927 1079 1079 1135 qualem
1113 1093 1184 1136 ego
1215 1081 1407 1134 concipio,
1442 1081 1474 1119 si
1507 1078 1580 1120 sub
1612 1078 1739 1120 fausta

249 1168 286 1201 et
316 1160 475 1215 pacifica
508 1159 734 1202 Solomonis
769 1161 1035 1203 dominatione
1068 1162 1272 1203 conflatus.
1293 1171 1372 1212 est,
1413 1164 1445 1203 si
1477 1162 1610 1204 eodem
1643 1171 1739 1204 tem-

246 1257 343 1299 pore
377 1243 523 1284 editum
556 1252 615 1285 est
646 1244 754 1285 istud
778 1245 938 1286 Bileami
973 1247 1216 1295 vaticinium,
1251 1247 1382 1302 ecquis
1417 1245 1570 1287 dubitet
1599 1260 1738 1302 poema

247 1335 426 1367 nostrum
464 1342 545 1368 non
586 1328 704 1369 modo
747 1328 876 1369 sedem
918 1328 993 1369 sihi
1033 1328 1251 1370 vindicasse
1290 1330 1391 1369 inter
1431 1329 1524 1369 alias
1563 1328 1736 1384 ejusdem

247 1412 465 1467 argumenti
506 1413 761 1467 scriptiones,
805 1427 939 1453 verum
977 1414 1090 1453 etiam
1123 1427 1168 1453 eo
1204 1412 1367 1453 consilio
1401 1427 1444 1452 ac
1475 1420 1600 1454 mente
1632 1426 1737 1453 com-

245 1495 420 1549 positum
453 1493 593 1544 fuisse,
636 1503 678 1536 ut
709 1495 801 1536 huie
833 1494 932 1536 libro
966 1495 1230 1537 insereretur?
1276 1495 1336 1536 En
1366 1494 1435 1536 tihi
1471 1497 1583 1551 quasi
1612 1497 1735 1537 totius

247 1577 458 1618 cantilenae
502 1592 638 1618 versus
686 1578 945 1628 intercalaris,
995 1580 1062 1634 qui
1105 1580 1136 1619 si
1177 1594 1258 1619 non
1298 1579 1458 1620 totidem
1498 1578 1649 1628 verbis,
1698 1586 1738 1619 at

246 1660 529 1716 significatione
577 1669 704 1702 tamen
753 1675 1036 1718 usquequaque
1077 1663 1117 1702 in
1154 1660 1255 1702 libro
1296 1661 1512 1702 Jasharano
1552 1676 1735 1703 resonare

247 1741 401 1793 debuit,
436 1744 587 1785 nullum
618 1744 853 1801 prophetam
885 1753 953 1785 aut
983 1758 1113 1802 regem
1134 1744 1326 1786 Israelitas
1360 1759 1382 1785 a
1402 1747 1597 1801 promissa
1617 1743 1735 1786 bene-

246 1825 414 1869 dictione
447 1826 609 1883 dejicere
642 1842 780 1884 posse,
815 1828 934 1869 modo
967 1827 1203 1884 probitatem
1236 1843 1346 1869 suam
1379 1830 1600 1870 retinerent.

676 1973 724 2010 IN
754 1973 943 2011 PR1MAM
972 1973 1299 2011 PARTICULAM.

361 2076 466 2119 Haec
505 2079 696 2135 particula
736 2078 915 2120 facillima
947 2077 1142 2119 intellectu
1175 2087 1252 2127 est,
1296 2092 1366 2119 nec
1396 2077 1583 2118 fusiorem
1614 2079 1733 2119 inter-

242 2163 500 2218 pretationem
534 2161 739 2203 desiderat.
790 2162 952 2203 Terram
974 2161 1222 2211 Aramaeam,
1258 2175 1356 2217 quae
1388 2161 1452 2202 hic
1478 2160 1729 2217 significatur,

242 2244 568 2301 Mesopotamiam
602 2259 705 2294 esse,
740 2245 863 2301 liquet
884 2260 933 2286 ex
955 2245 1125 2286 secundo
1150 2244 1356 2294 versiculo,
1390 2243 1458 2285 ubi
1481 2247 1732 2313 D'tp·³·]]}·j

243 2337 608 2369 commemorantur.
663 2328 705 2368 In
738 2343 855 2368 versu
882 2327 946 2368 10.
981 2342 1067 2368 cum
1089 2328 1261 2369 Venema
1292 2343 1365 2384 pro
1400 2330 1543 2395 Ἶξῦζ)
1576 2327 1729 2368 divisim

242 2416 343 2478 ἾΞ-ἱῑτ)
376 2416 430 2471 ἾΤῼ
463 2410 668 2468 legendum
701 2419 813 2467 puto,
846 2419 892 2451 ut
922 2410 1161 2465 respondeat
1191 2415 1290 2477 2737?
1324 2415 1377 2470 Ἲς)
1410 2412 1450 2450 in
1477 2424 1592 2450 versu
1623 2418 1731 2451 ante-

242 2495 419 2544 cedente,
455 2503 571 2551 atque
594 2503 639 2535 ut
664 2493 855 2550 particula
878 2498 953 2537 DN
976 2495 1240 2534 accusativum
1263 2494 1480 2533 comitetur.
1521 2492 1729 2534 Maurerus

241 2578 336 2618 haec
367 2577 487 2618 verba
519 2579 574 2618 sic
605 2577 751 2618 reddit:
795 2585 859 2617 »et
892 2573 997 2632 [quis
1027 2583 1221 2629 numeret,
1256 2575 1364 2632 quod
1395 2584 1521 2617 mente
1553 2584 1729 2632 repeten-

242 2660 333 2701 dum
374 2657 453 2712 est]
499 2660 712 2701 secundum
754 2674 960 2701 numerum
1001 2656 1101 2712 (acc.
1140 2656 1399 2711 adverbialis)
1441 2658 1727 2700 multitudinem

239 2742 433 2784 Israelis«
480 2742 584 2784 Idem
614 2746 847 2800 pronuntiat
878 2742 1185 2784 emendationem
1207 2742 1419 2792 Venemae,
1455 2756 1553 2798 quae
1586 2756 1607 2782 a
1629 2756 1728 2782 non—

240 2825 356 2867 nullis
388 2825 498 2866 libris
532 2826 796 2876 confirmatur,
831 2834 960 2883 aperte
993 2825 1101 2866 scioli
1134 2828 1411 2867 correctionem
1443 2839 1538 2866 esse.
1593 2823 1727 2864 Paral-

239 2907 410 2950 lelismus
442 2908 706 2951 membrorum
740 2911 936 2951 convincit
973 2909 1071 2951 hanc
1108 2908 1311 2951 lectionem
1341 2909 1595 2951 necessariam
1628 2920 1723 2949 esse.
