1867 3301
952 190 1086 266 196

250 328 321 370 ubi
354 327 400 370 de
429 327 657 370 hominihus
691 327 914 380 intersectis,
949 338 987 371 et
1019 329 1065 371 de
1091 329 1280 385 jumentis
1312 344 1417 371 mera
1441 329 1599 372 lascivia
1626 332 1744 372 muti-

251 412 338 453 latis
379 412 629 454 traditionem
670 411 865 469 quandnn
904 413 1081 470 legimus.
1148 412 1265 466 Quod
1297 415 1336 454 in
1368 413 1444 454 hoc
1476 412 1646 455 facinore
1678 413 1744 455 de-

252 495 460 537 scribendo
500 504 620 552 poeta
653 494 800 537 Graeco
834 496 1028 538 v0c1bulo
1071 500 1216 543 nant>
1256 500 1400 546 utitur,
1443 497 1503 547 id,
1543 505 1588 538 ut
1624 511 1743 553 supra

251 579 443 629 vidimus,
484 581 643 635 respicit
680 580 731 620 ad
770 582 1028 622 mercenarios
1066 581 1154 621 illos
1186 580 1420 622 Philistacos
1454 589 1492 622 et
1524 578 1740 627 Cretenses,

251 664 318 719 qui
353 662 500 704 Glaeca
532 671 728 704 armatura
760 663 932 705 distincti
964 663 1037 705 sub
1070 664 1184 705 finem
1215 666 1324 721 regni
1351 663 1517 705 Davidei
1549 663 1743 720 stipendia

250 747 290 786 in
322 745 473 787 Judaea
510 746 731 796 merebant,
775 749 842 803 qui
885 763 1005 805 quum
1030 747 1092 789 vab
1135 750 1221 804 ipsa
1254 747 1557 789 Simeonitarum
1588 749 1740 796 vicinia,

250 828 290 869 h.
314 844 345 870 e.
379 831 420 870 in
452 830 629 871 confiniis
656 830 961 872 Philistaeorum
993 840 1031 872 et
1060 831 1354 880 Idumaeorum‚
1387 831 1740 887 proficiscerentur,

256 937 303 944 —-
331 912 393 953 hic
424 915 525 954 enim
555 922 742 970 tanquam
775 914 946 956 advenae
978 917 1018 955 in
1050 923 1192 956 terram
1220 915 1323 955 illam
1348 909 1612 969 ἀλλοφύλων
1631 914 1743 954 navi-

250 995 325 1036 bus
367 998 512 1052 egressi
552 1005 646 1038 sunt
681 1022 728 1028 -—
765 1006 1068 1039 consentaneum
1108 1007 1191 1039 erat
1227 1006 1273 1038 ut
1311 1006 1427 1054 poeta
1459 1006 1594 1038 noster
1625 996 1742 1038 Solo-

250 1094 414 1120 moneus
461 1095 597 1121 eorum
645 1080 797 1137 gladios
845 1081 1168 1122 latrocinantibus
1217 1080 1443 1122 Simeonitis
1489 1075 1739 1134 tribueret¹).

252 1161 447 1215 Quoniam
478 1163 574 1205 haec
598 1162 765 1205 Graecae
790 1166 898 1205 vocis
930 1167 1124 1206 mutuatio
1160 1167 1252 1206 satis
1287 1164 1439 1206 defendi
1473 1173 1511 1205 et
1541 1164 1741 1221 explanari

248 1254 402 1301 potest,
443 1261 525 1287 non
566 1261 667 1303 opus
711 1256 770 1288 cst
804 1256 850 1289 ut
881 1247 931 1288 ad
962 1248 1196 1305 Aethiopica
1230 1263 1316 1289 eum
1347 1247 1551 1295 Mam-ero,
1594 1255 1663 1288 aut
1692 1246 1742 1288 ad

251 1327 412 1385 Syriaca
445 1344 531 1370 cum
554 1329 700 1371 Dathio
735 1330 1019 1388 confugiamus.
1068 1331 1342 1380 Delitzschius‚
1377 1333 1445 1388 qui
1479 1345 1628 1372 omnem
1654 1345 1739 1372 cum

249 1414 442 1466 μαχαίρᾳ
474 1415 699 1454 societatem
732 1416 883 1470 spernit
915 1411 948 1467 (»
960 1417 1030 1456 mit
1053 1415 1139 1456 dem
1162 1415 1229 1455 das
1251 1415 1376 1456 Wort
1396 1414 1592 1456 natiirlich
1611 1414 1739 1455 nichts

250 1510 301 1536 zu
332 1496 433 1537 thun
464 1494 589 1550 ham),
630 1499 809 1554 agnoscit
838 1506 967 1538 tamen
999 1513 1134 1539 vocem
1164 1502 1328 1548 ΠἽΞΏ,
1363 1497 1588 1554 »gladium«
1620 1498 1741 1554 signi-

249 1578 385 1628 ficare,
431 1587 468 1620 et
506 1579 556 1621 ad
596 1580 764 1621 radicem
803 1584 888 1627 ἾἾΞ
929 1596 1008 1623 rem
1049 1581 1178 1622 lesert.
1242 1562 1298 1623 At
1329 1583 1427 1622 enim
1461 1596 1575 1630 vero‚
1618 1594 1739 1636 quum

249 1660 416 1702 Hebraei
447 1662 620 1719 gladium
653 1673 927 1720 nuncuparent
955 1667 1075 1726 2]l:l‚
1108 1665 1313 1706 verisimile
1335 1673 1515 1713 nonest,
1550 1666 1582 1705 si
1605 1663 1738 1704 ambae

249 1759 365 1786 voces
397 1748 545 1801 pariter
576 1748 729 1788 nativae
763 1756 909 1797 essent,
944 1727 1044 1789 hanc
1076 1747 1231 1804 quidem
1264 1763 1457 1805 nusquam
1489 1763 1571 1789 non
1603 1762 1739 1788 occur-

248 1843 351 1878 rere,
379 1828 482 1870 illam
503 1844 596 1870 vero
623 1828 742 1880 ἅπαξ
767 1829 997 1886 λεγομένην
1022 1846 1116 1872 esse.
1160 1830 1311 1884 Quodsi
1335 1830 1581 1873 concedimus
1603 1844 1738 1871 vocem

249 1915 394 1979 ΠἾΤΞᾩ
419 1911 603 1954 Graecam
627 1928 732 1963 esse,
758 1914 859 1955 illico
885 1915 1153 1956 concludimus
1176 1914 1252 1956 hoc
1275 1930 1426 1956 carmen
1448 1930 1528 1955 non
1550 1915 1738 1970 scriptum

249 2010 332 2036 csse
365 2004 452 2037 ante
484 1996 598 2037 finem
632 1999 741 2054 regni
773 1997 949 2048 Davidis,
984 2000 1051 2055 qui
1082 2001 1232 2054 primus
1265 2014 1305 2040 se
1339 1998 1492 2040 Graccis
1525 1997 1737 2054 spiculato-

247 2077 358 2120 ribus
399 2079 583 2135 stipabat.
647 2079 783 2137 Neque
825 2083 925 2121 enim
957 2089 1071 2122 antea
1101 2081 1287 2122 Hebraeis
1321 2084 1560 2124 innotescere
1590 2081 1734 2137 potuit,

249 2177 456 2218 quamnam
489 2163 797 2219 designationem
821 2163 954 2206 Graeci
987 2164 1118 2221 gladio
1146 2164 1324 2207 inderent
1341 2161 1383 2218 ²).
1433 2163 1614 2207 Ceterum
1633 2171 1735 2205 recte

348 2330 373 2374 ¹)
406 2330 452 2366 Ut
473 2343 573 2377 supra
590 2332 738 2367 vidimus
760 2334 847 2368 inter
865 2334 1003 2369 Davidis
1026 2335 1188 2369 satellites
1212 2340 1491 2369 commemoratur
1509 2333 1639 2369 Caurus
1659 2334 1734 2379 qui-

248 2394 323 2430 dam
348 2395 402 2430 vel
430 2398 507 2430 Car
532 2396 549 2430 ὃ
574 2399 853 2446 μαχαιροφόρος.
892 2399 1009 2444 Neque
1035 2400 1121 2434 illud
1148 2400 1478 2446 praetermittendum
1506 2405 1572 2440 est,
1600 2399 1734 2433 Carent

248 2461 364 2507 Cyprii
396 2463 486 2508 regis
514 2461 561 2504 (et
586 2463 760 2497 Philistaei
787 2475 803 2498 e
825 2463 938 2510 Cypro
966 2466 999 2498 in
1026 2464 1249 2499 Palaestinam
1276 2466 1476 2512 migrarunt)
1503 2465 1733 2511 hypaspistam

247 2526 410 2573 δρεπάνῳ
428 2526 480 2560 vel
508 2526 611 2575 longo
639 2528 751 2575 gladio
779 2529 973 2563 insultantis
998 2531 1074 2575 eqni
1101 2530 1202 2575 pedes
1229 2536 1419 2576 amputasse
1439 2529 1580 2572 (Herod.
1595 2529 1637 2571 V,
1654 2527 1732 2570 111,

247 2589 342 2634 112).
391 2591 444 2626 Ad
477 2593 653 2628 militarem
681 2593 802 2628 Carum
833 2594 979 2629 indolem
1008 2595 1099 2641 quod
1127 2596 1262 2637 attinet,
1296 2595 1382 2630 idem
1409 2594 1606 2629 llerodotus
1631 2593 1734 2628 tradit

248 2656 306 2699 (V,
329 2656 429 2701 119):
468 2659 596 2705 μοῦνοι
626 2660 693 2693 τῶν
724 2658 825 2705 ἡμεῖς
854 2661 958 2707 ἴδμεν
982 2661 1102 2705 Κᾶρές
1132 2663 1196 2694 εἶσι
1227 2661 1264 2694 οἳ
1291 2663 1362 2695 Διῒ
1383 2662 1578 2706 Στρατίῳ
1607 2661 1734 2697 θυσίας

247 2721 429 2768 ἀνάγουσι.

347 2787 372 2830 ²)
405 2787 453 2821 Ne
481 2788 557 2833 quis
584 2789 734 2831 miretur,
762 2789 852 2835 quod
872 2790 1015 2824 Hebraei
1034 2790 1157 2825 Graeco
1177 2792 1312 2825 nomine
1329 2790 1476 2837 gladium
1496 2790 1731 2837 insigniebam,

249 2851 499 2886 observandum
533 2859 583 2887 est
614 2854 794 2889 hodiernas
827 2854 971 2889 telorum
1005 2856 1090 2902 apud
1118 2855 1249 2902 Anglos
1283 2856 1532 2903 designationes
1561 2858 1731 2899 bayonet,

245 2918 400 2964 musket,
427 2919 550 2963 εαόνε,
577 2924 637 2954 etc.
664 2921 856 2967 peregrinas
883 2933 968 2956 esse.
