1867 3301
918 204 1015 250 114

217 344 437 386 Palaestina
471 352 643 400 tempore
675 343 875 394 Deborae‚
920 345 1092 386 ostendit
1125 359 1241 401 quam
1281 344 1354 386 late
1386 353 1564 413 paterent
1596 347 1708 387 istius

216 430 342 485 gentis
375 430 602 478 errationes,
638 442 736 484 quae
770 442 905 484 sparsa
937 427 1108 470 membra
1140 427 1193 469 ibi
1226 428 1487 484 reliquissent.
1543 426 1710 470 Constat

217 520 365 561 autem,
411 514 559 552 etiamsi
602 513 641 552 111
683 513 850 552 transitu
880 527 950 567 per
983 511 1178 553 desertum
1210 511 1480 568 Amalequitae
1513 513 1594 553 sine
1626 511 1706 553 11110

216 594 483 636 Kinnaeorum
516 595 664 635 auxilio
696 594 880 636 Israelitis
909 594 1167 645 obstiterunt,
1202 595 1455 636 nihilominus
1478 603 1606 637 tamen
1628 610 1708 636 am-

215 677 285 718 bas
318 686 452 734 gentes
486 680 524 719 in
558 680 742 719 vaticinio
775 678 935 719 Bileami
968 680 1137 720 venienti
1168 681 1304 720 ruinae
1337 679 1500 720 devotas
1533 693 1636 728 esse,
1670 687 1708 720 et

216 770 436 802 nascentem
459 761 817 803 Abrahamidarum
849 770 1001 819 gentem
1035 761 1083 803 ab
1116 770 1284 818 utraque
1316 762 1478 818 injurias
1504 777 1585 804 non
1608 761 1707 804 obli-

215 845 419 886 viscendas
453 847 659 902 accepisse.

332 928 471 970 Restat
513 931 674 986 gravior
714 928 941 977 difficultas,
993 943 1092 984 quae
1131 937 1257 969 tamen
1298 928 1347 969 ad
1386 930 1520 970 vivum
1559 938 1706 971 resecta

216 1012 442 1053 historicam
482 1012 600 1067 hujus
633 1012 856 1069 Fragmenti
896 1013 1255 1067 interpretationem
1295 1013 1436 1053 mirum
1474 1014 1513 1052 in
1544 1012 1704 1054 modum

216 1095 385 1137 illustrat
416 1104 533 1151 atque
567 1095 782 1136 confirmat.
834 1093 1007 1136 Offensio
1041 1103 1191 1145 autem,
1227 1109 1326 1151 quae
1349 1103 1510 1136 cunctos
1542 1095 1704 1138 lectores

213 1180 340 1233 primo
376 1178 519 1220 obtutu
554 1181 590 1219 in
625 1187 826 1235 stuporem
861 1178 946 1228 dat,
980 1178 1074 1219 haec
1107 1186 1176 1219 est.
1239 1177 1369 1232 Quum
1402 1178 1507 1220 Deus
1540 1179 1706 1221 edixerit

215 1264 465 1318 »quicunque
487 1261 668 1303 effuderit
689 1262 902 1303 humanum
926 1263 1166 1318 sanguinem,
1191 1260 1377 1303 fundetur
1399 1264 1557 1319 sanguis
1575 1263 1703 1304 illius«

215 1342 336 1397 (Gen.
360 1345 435 1395 IX,
462 1343 534 1398 6),
578 1346 645 1402 qui
684 1345 747 1395 fit,
788 1353 833 1386 ut
873 1344 920 1385 ab
962 1345 1034 1385 hac
1073 1360 1201 1401 poena
1239 1360 1320 1386 non
1358 1345 1476 1386 modo
1510 1347 1705 1402 exceperit

213 1431 382 1485 primum
405 1429 660 1479 homicidam,
695 1430 782 1484 qui,
810 1430 911 1469 sieut
932 1428 1046 1469 Ixion
1071 1428 1132 1469 ille
1160 1427 1397 1470 Graecorum
1423 1427 1559 1482 (Pind.
1582 1429 1701 1485 Pyth.

212 1511 263 1562 11,
289 1509 394 1565 32);

274 1593 483 1649 ἐμφύλιον
504 1592 610 1649 αἷμα
631 1594 863 1650 πρώτιστος
885 1592 961 1636 οὐκ
982 1593 1080 1650 ἄτερ
1102 1596 1251 1647 τέχνας
1273 1594 1442 1650 ἐπέμιξε
1463 1596 1644 1644 θνατοῖς

216 1675 320 1732 (nam
352 1678 543 1719 Habelum
583 1681 682 1720 inter
714 1677 1044 1719 confabulandum
1078 1678 1218 1720 oceidit
1252 1678 1346 1720 Gen.
1368 1679 1434 1728 IV,
1458 1676 1522 1731 8),
1565 1694 1700 1720 verum

214 1764 327 1803 etiam
376 1764 511 1818 capitis
557 1776 667 1803 reum
716 1761 887 1818 septupli
934 1777 1063 1818 poena
1102 1770 1237 1803 contra
1278 1762 1487 1803 violentam
1528 1762 1575 1803 ah
1617 1762 1700 1803 aliis

212 1845 355 1886 illatam
396 1860 525 1887 necem
564 1846 872 1902 praemuniverit
911 1841 1032 1899 (Gen.
1064 1844 1129 1895 IV,
1168 1842 1277 1899 15)‘?
1327 1847 1520 1902 imprimis
1559 1860 1699 1887 moneo

210 1944 377 1985 poenam
409 1930 589 1985 perpetui
622 1928 747 1969 exsilii
780 1936 818 1969 et
850 1930 1054 1969 errationis
1088 1930 1126 1969 in
1151 1928 1312 1970 desertis
1334 1928 1562 1986 regionibus
1595 1925 1700 1981 (nam

211 2011 252 2052 id
291 2012 533 2069 significatur
565 2027 683 2054 versu
717 2009 794 2065 12)
836 2013 929 2053 satis
971 2011 1148 2054 acerbam
1189 2027 1290 2062 esse,
1331 2026 1457 2068 neque
1489 2012 1600 2053 aliam
1633 2027 1700 2053 ex-

211 2096 484 2152 cogitaverunt
508 2095 662 2144 Graeci,
698 2097 765 2151 qui
798 2094 1028 2145 homicidas,
1063 2095 1186 2136 donec
1211 2097 1368 2152 purgati
1391 2103 1539 2145 essent,
1573 2109 1698 2137 errare

211 2186 248 2219 et
288 2178 467 2219 exsulare
509 2177 703 2233 jubebant
744 2175 857 2232 (vide
900 2177 943 2220 C.
980 2178 1026 2220 Ο.
1059 2178 1223 2220 Mueller
1262 2177 1312 2219 ad
1350 2178 1492 2220 Aesch.
1534 2178 1697 2220 Eumen.

210 2276 248 2316 p.
276 2258 357 2302 136
382 2258 500 2317 sqq).
550 2260 629 2302 Sed
651 2276 743 2302 vera
774 2264 829 2303 rei
862 2262 1069 2318 explicatio
1092 2261 1236 2318 pendet
1257 2277 1276 2302 6
1299 2277 1416 2303 versu
1441 2260 1513 2303 13:
1547 2262 1698 2318 »majus

210 2352 268 2385 est
300 2344 424 2385 scelus
457 2359 606 2393 meum,
642 2358 757 2400 quam
791 2344 899 2400 quod
933 2344 1147 2386 condonari
1178 2346 1345 2400 possit.«
1397 2344 1476 2386 En!
1509 2359 1698 2385 summam

210 2429 248 2467 111
280 2442 409 2468 noxae
435 2442 501 2468 reo
524 2427 824 2483 poenitentiam!
858 2442 904 2468 en
928 2426 1210 2468 confessionem
1233 2429 1399 2483 peccati,
1436 2441 1534 2483 quae
1555 2427 1696 2468 Davidi

210 2510 425 2551 homicidae
466 2518 503 2551 et
543 2509 719 2551 adultero
760 2512 1026 2551 remissionem
1067 2512 1213 2566 peccati
1249 2512 1478 2566 procuravit
1510 2507 1558 2562 (2
1590 2509 1694 2551 Sam.

208 2592 296 2642 XII,
326 2590 416 2645 13)!
461 2592 559 2634 Nam
592 2593 762 2634 Davides
798 2595 1026 2650 »peccavi«,
1062 2595 1209 2650 inquit,
1245 2595 1310 2634 »111
1341 2593 1578 2643 Jehovani«,
1612 2601 1695 2634 tum

208 2674 383 2716 Nathan:
428 2678 616 2717 »remittit
648 2691 788 2733 ergo«,
831 2679 977 2733 inquit,
1022 2675 1116 2717 »tibi
1148 2676 1300 2717 Jeliova
1331 2685 1531 2732 peecatum
1562 2684 1694 2717 tuum:

208 2773 288 2798 non
319 2759 516 2800 morieris.
529 2775 545 2792 «
593 2759 741 2800 Eodem
773 2759 892 2800 modo
925 2759 1031 2800 Deus
1064 2759 1318 2815 supplicium,
1353 2774 1432 2815 quo
1466 2761 1505 2800 in
1528 2758 1693 2812 Qainum

207 2855 353 2881 usurus
387 2849 487 2890 erat,
529 2842 579 2881 illi
614 2844 775 2883 remittit
807 2851 844 2883 et
876 2842 1085 2883 condonat.
1151 2841 1280 2895 Quum
1314 2844 1413 2883 enim
1448 2841 1595 2896 Qainus
1629 2841 1695 2882 de-

206 2923 390 2964 clarasset
430 2939 469 2965 sc
503 2927 647 2974 vereri,
691 2940 759 2974 ne,
802 2927 1024 2981 quicunque
1062 2927 1098 2965 111
1132 2940 1171 2966 56
1205 2925 1408 2974 incideret,
1451 2924 1691 2973 interficeret,
