1867 3301
975 189 1070 234 186

515 328 779 373 Nihilominus
812 329 988 371 futurum
1023 338 1081 371 est
1113 338 1157 371 ut
1187 328 1418 371 incendatur
1451 329 1561 383 Qain,

516 413 568 455 Et
598 427 807 470 quousque
839 412 1133 469 contemplabor
1165 414 1427 470 captivitatem
1460 412 1587 454 tuam!

714 697 774 739 III.
822 696 982 740 MOSIS
1027 695 1222 741 CANTIC
1230 696 1317 741 UM.

270 899 489 930 DeutXXXH.

306 944 397 970 1-43·
443 940 486 979 [1]
517 912 729 962 Ausculta,
764 911 929 961 caelum,
963 911 1056 953 dum
1088 911 1255 968 loquor3

514 994 642 1044 Audi,
676 1003 798 1044 terra,
834 994 947 1036 affata
981 996 1059 1035 oris
1092 996 1178 1035 mei.

438 1088 480 1127 [2]
512 1078 692 1120 Destillet
721 1079 844 1118 instar
873 1077 1030 1134 pluviae
1063 1077 1240 1118 doctrina
1270 1091 1366 1126 mea,

513 1161 630 1204 Fluat
662 1162 776 1202 sicuti
807 1174 873 1201 ros
906 1175 1014 1202 meus
1047 1175 1186 1210 sermo,

514 1244 628 1287 Sicut
658 1243 781 1285 imber
811 1245 939 1284 tenuis
972 1258 1092 1300 super
1123 1242 1285 1285 herbam
1316 1251 1507 1293 teneram,

514 1327 627 1370 Sicut
656 1327 800 1369 multae
831 1327 1008 1383 guttulae
1040 1341 1160 1383 super
1190 1326 1352 1368 herbam
1387 1326 1571 1368 adultam.

439 1420 482 1459 [3]
514 1410 667 1453 Nomen
699 1412 800 1452 enim
830 1410 1004 1451 Jehovae
1036 1409 1250 1461 invocab03

512 1494 728 1552 Agnoscite
760 1492 832 1535 Dei
864 1495 991 1534 nostri
1021 1493 1341 1550 magnitudinem.

440 1586 482 1626 [4]
514 1577 650 1634 Rupes
681 1585 760 1626 est3
792 1575 1006 1632 perfectum
1038 1585 1098 1618 est
1129 1591 1230 1633 opus
1262 1577 1359 1633 eJus.

512 1660 619 1701 Deus
651 1659 775 1701 fidelis
809 1668 867 1700 est
897 1667 936 1700 et
967 1661 1049 1701 sine
1080 1661 1297 1716 iniquitate,

510 1743 650 1785 ,Iustus
682 1751 720 1784 et
749 1740 900 1795 probus
932 1751 991 1783 est
1019 1742 1097 1783 Ille.

438 1836 480 1876 [5]
512 1827 734 1868 Perniciose
766 1825 954 1867 adversus
984 1826 1096 1866 Illum
1128 1827 1207 1882 egit

510 1911 679 1960 Eorum,
715 1911 782 1966 qui
813 1909 940 1965 Ipsius
973 1908 1040 1950 filii
1071 1924 1152 1950 non
1184 1917 1288 1959 sunt,
1322 1909 1440 1959 labes,

512 1993 667 2035 Scilicet
698 2007 792 2050 gens
824 2007 947 2049 prava
978 2000 1016 2033 et
1047 1992 1198 2033 dolosa.

437 2086 479 2126 [e]
511 2077 682 2119 Hoceine
713 2090 807 2132 ergo
839 2075 1013 2117 Jehovae
1043 2075 1269 2132 rependitis,

508 2160 661 2215 Popule
693 2159 810 2201 stulte
843 2167 880 2200 et
910 2158 1128 2215 insipiens?

509 2241 650 2284 Nonne
683 2244 765 2298 ipse
796 2249 908 2298 pater
939 2250 998 2283 est
1028 2250 1134 2291 tuus,
1169 2244 1236 2298 qui
1268 2250 1305 2283 te
1336 2240 1410 2283 sibi
1443 2240 1713 2298 comparavit?

511 2324 588 2379 Qui
619 2333 657 2366 te
690 2324 779 2366 secit
810 2333 849 2365 et
880 2323 1100 2365 stabilivit?

434 2418 476 2457 [7]
509 2408 706 2450 Memento
739 2407 888 2449 dierum
919 2408 1199 2463 antiquiorum,

511 2490 728 2534 Considera
758 2504 882 2531 annos
914 2489 1159 2530 saeculorum
1191 2491 1504 2545 praeteritorum.

507 2576 710 2631 Interroga
740 2581 889 2630 patrem
922 2581 1055 2621 tuum,
1089 2580 1127 2613 et
1158 2571 1228 2613 tibi
1260 2571 1465 2621 indicabit3

510 2657 692 2699 Seniores
724 2665 829 2706 tuos,
863 2665 901 2697 et
930 2656 1001 2697 tibi
1034 2655 1174 2696 dicent,

435 2749 477 2788 [8]
511 2740 641 2794 Quum
673 2741 943 2797 possessiones
977 2738 1193 2795 Supremus
1224 2738 1407 2795 gentibus
1441 2736 1702 2786 distribueret,

510 2823 639 2877 Quum
672 2823 850 2864 homines
883 2822 1132 2878 dispergeret,

510 2904 728 2948 Constituit
757 2907 943 2948 terminos
975 2906 1178 2946 nationum
1200 2919 1272 2960 pro
1295 2918 1457 2945 numero
1479 2903 1749 2945 Israelitarum.
