1867 3301
258 349 296 387 in
318 344 526 387 Ecclesiam
550 343 761 394 visibilem,
794 344 964 385 fidelium
994 343 1198 385 hominum
1222 353 1394 395 coetum,
1429 353 1615 401 tanquam
1635 353 1748 402 post-

257 430 391 470 liminii
418 429 507 483 jure
539 430 760 477 revertitur,
794 436 840 468 ut
872 429 1017 484 optime
1050 426 1182 468 fecerit
1202 427 1393 477 Ecclesia,
1428 442 1549 484 quum
1572 436 1748 470 nostram

258 514 357 553 hane
397 512 625 553 cantilenam
667 510 727 551 die
765 510 1026 552 Pentecostali
1067 512 1266 552 recitatam
1308 511 1434 552 vellet.
1503 510 1608 564 Quid
1647 512 1748 553 enim

256 596 531 652 pronuntiavit
562 594 845 651 prophetarum
877 594 938 635 ille
970 594 1130 634 ultimus
1164 596 1245 635 sive
1277 596 1309 635 is
1341 609 1434 635 vero
1467 596 1623 636 nomine
1652 594 1748 637 Μα-

258 678 425 732 lacltias,
460 680 560 726 sive,
595 686 640 718 ut
663 676 933 718 Talmudistae
965 677 1146 732 tradunt,
1180 679 1211 718 is
1234 675 1354 718 Ezra
1385 676 1502 719 suerit
1533 677 1607 719 sub
1631 678 1747 719 titulo

258 745 425 830 ἾΞζξῘἿᾨ
457 763 482 802 i.
507 775 539 802 e.
574 760 710 816 anyeli
739 759 847 802 mei?
878 760 942 801 Ille
975 762 1076 802 enim
1109 760 1279 802 »Eccel«
1312 763 1439 817 inquit
1469 759 1550 814 (III,
1575 758 1614 814 1)
1648 775 1747 818 ¹>ego

258 826 379 887 mitto·
405 844 584 902 angelum
615 859 743 885 meum
777 846 843 900 qui
875 844 970 885 mihi
992 845 1093 885 viam
1125 853 1344 900 praeparet.
1389 844 1440 886 Et
1467 846 1597 886 statim
1618 846 1748 886 veniet

260 929 317 971 ad
345 928 540 985 templum
569 943 688 968 suum
717 927 954 968 Dominator
987 942 1101 984 quem
1135 929 1340 983 quaeritis,
1375 935 1412 968 et
1440 927 1600 984 angelus
1630 935 1749 969 testa-

258 1014 397 1060 menti,
433 1025 547 1068 quem
581 1011 720 1068 cupide
754 1010 995 1052 desideratis.
1043 1010 1141 1051 Ecce
1172 1013 1318 1060 veniet,
1354 1009 1446 1052 dicit
1477 1009 1630 1052 Jehova
1651 1010 1751 1052 Tse-

256 1094 401 1137 baoth!
450 1093 530 1136 Sed
562 1096 649 1151 quis
689 1096 836 1151 poterit
867 1094 1078 1135 adventum
1111 1095 1194 1149 ejus
1228 1095 1440 1143 sustinere,
1481 1102 1550 1136 aut
1582 1095 1670 1150 quis
1702 1108 1748 1136 eo

259 1186 470 1236 apparente
503 1177 720 1219 consistet?
751 1178 905 1219 Etenim
938 1178 1072 1218 similis
1106 1179 1178 1219 erit
1206 1180 1286 1234 igni
1313 1176 1499 1218 aurifabri
1521 1186 1589 1219 aut
1610 1179 1749 1235 saponi

260 1262 470 1303 fullonum:
513 1270 549 1303 et
589 1261 740 1303 sedebit
779 1263 893 1303 sicuti
926 1262 1098 1302 conflans
1132 1270 1169 1302 et
1200 1261 1414 1305 emundans
1447 1269 1671 1318 argentum,
1712 1269 1751 1303 et

258 1345 445 1402 purgabit
475 1345 576 1386 filios
599 1345 714 1394 Levi,
749 1344 1007 1401 ct-cliquabit
1036 1360 1102 1386 eos
1126 1346 1237 1401 quasi
1261 1360 1398 1386 aurum
1421 1353 1458 1385 et
1480 1347 1591 1401 quasi
1613 1359 1750 1401 argen-

257 1438 362 1479 tum,
397 1438 442 1470 ut
462 1428 636 1470 Jehovae
669 1428 857 1469 sacrificia
888 1431 927 1469 in
954 1429 1110 1484 justitia
1137 1428 1342 1470 offerant.«
1385 1427 1518 1485 Atque
1540 1429 1594 1469 ita
1614 1428 1751 1469 ultima

258 1512 347 1554 libri
378 1512 584 1553 Jasharani
617 1512 827 1562 cantilena,
871 1527 991 1568 quum
1033 1511 1083 1552 ad
1116 1514 1246 1553 amissi
1276 1511 1455 1553 Paradisi
1486 1512 1750 1567 recuperatio-

258 1609 345 1637 nem
367 1603 444 1635 tam
468 1603 599 1651 aperte
622 1603 781 1651 spectet,
809 1597 936 1650 primo
959 1603 1117 1636 nostrae
1139 1595 1406 1652 Anthologiae
1429 1596 1587 1636 carmini
1608 1596 1749 1636 mirum

258 1681 298 1720 in
329 1679 491 1720 modum
523 1680 687 1719 succinit
721 1676 825 1731 (vide
858 1693 978 1733 supra
1010 1693 1049 1734 p.
1075 1675 1160 1730 79).

377 1777 414 1802 v.
439 1760 508 1803 23.
560 1761 883 1802 Rosenmiillerus
923 1770 960 1802 et
990 1761 1211 1810 Maurerns,
1253 1759 1433 1802 Geierum
1474 1762 1616 1810 secuti,
1657 1769 1750 1817 post

259 1840 399 1913 Ξὶζζρζζ·
427 1844 741 1886 subaudiendum
766 1852 909 1901 putant
929 1841 1100 1905 ΕὛᾎᾎδξς
1134 1843 1295 1893 scilicet,
1328 1843 1454 1884 Deum
1476 1843 1748 1901 undecunque,

259 1929 545 1978 ,·.1Basanitide‚
580 1928 629 1969 ad
662 1930 849 1969 orientem
875 1930 968 1978 sita,
1003 1937 1119 1985 atque
1142 1943 1164 1968 a
1186 1928 1281 1968 mari
1305 1926 1553 1977 occidentali,
1593 1935 1750 1969 eoactu-

257 2028 346 2054 rum
385 2013 517 2054 hostes
549 2012 830 2062 Israelitarum,
871 2026 973 2068 quos
1012 2012 1163 2068 populo
1203 2026 1276 2052 suo
1308 2011 1534 2052 mactandos
1565 2010 1747 2081 traderet:

260 2096 340 2138 Sed
370 2096 465 2137 mihi
497 2098 755 2137 certissimum
786 2104 846 2136 est
867 2104 1035 2137 veterem
1059 2096 1284 2151 opinionem
1305 2096 1496 2136 veriorem
1523 2109 1628 2145 esse3
1660 2109 1749 2136 nam

258 2195 296 2221 V.
321 2178 376 2221 20
410 2179 523 2221 docet
554 2194 770 2221 sermonem
803 2193 885 2221 esse
919 2179 965 2220 de
997 2178 1226 2220 liberatione
1254 2177 1514 2219 Israelitarum
1546 2192 1596 2219 ex
1625 2180 1750 2220 maxi-

258 2265 329 2304 mis
363 2263 557 2319 pe1²iculi5‚
593 2263 723 2319 qualia
756 2262 847 2303 olim
881 2270 990 2303 crant
1022 2264 1060 2303 in
1084 2261 1309 2303 Basanitide
1340 2270 1504 2318 propter
1527 2260 1676 2318 Ogum,
1708 2263 1749 2303 in

258 2348 354 2387 mari
386 2345 507 2387 rubro
540 2354 704 2402 propter
724 2346 982 2387 Pharaonem.
1035 2344 1130 2398 Quis
1163 2347 1264 2386 enim
1286 2344 1443 2402 negabit
1463 2345 1570 2386 illum
1593 2359 1748 2387 versum

258 2431 448 2485 respicere
490 2430 537 2471 ad
568 2429 699 2471 Exod.
722 2429 813 2479 XV,
838 2428 894 2470 2?
943 2427 1164 2481 Quinetiam
1204 2430 1244 2469 in
1285 2428 1444 2470 secundi
1476 2427 1610 2484 templi
1640 2426 1748 2468 dedi·

259 2515 430 2563 catione,
489 2513 649 2554 eandem
696 2512 884 2555 habemus
937 2511 1146 2553 earundem
1191 2510 1467 2552 liberationum
1513 2512 1748 2552 mentionem

260 2595 341 2648 (Ps.
367 2596 597 2646 CXXXVI,
627 2595 690 2646 15,
716 2594 802 2649 20).
853 2594 972 2649 Quod
1003 2603 1130 2636 autem
1163 2594 1211 2636 ad
1233 2594 1489 2635 Jasharanam
1520 2594 1639 2651 hujus
1665 2608 1747 2635 car-

258 2681 372 2721 minis
413 2680 583 2721 indolem
622 2681 782 2721 maximi
823 2687 881 2720 est
912 2681 1116 2728 momenti,
1160 2677 1348 2719 habemus
1381 2678 1443 2718 hic
1474 2678 1603 2719 locum
1633 2677 1747 2733 plane

260 2763 481 2812 classicum,
517 2766 584 2819 qui
616 2765 769 2805 tertiam
801 2771 958 2804 nostrae
991 2762 1228 2803 collectionis
1260 2770 1409 2818 partem
1435 2763 1574 2802 mirum
1601 2761 1641 2801 in
1664 2774 1748 2801 mo-

259 2846 351 2887 dum
384 2846 564 2887 illustrat.
627 2846 701 2887 Hic
733 2848 852 2896 enim,
893 2849 980 2902 ipso
1015 2845 1074 2886 die
1107 2859 1186 2901 quo
1221 2844 1459 2887 Solomonea
1491 2843 1604 2885 aedes
1637 2841 1744 2884 dedi-

261 2938 344 2971 cata
382 2938 459 2980 est,
501 2944 580 2986 quo
618 2938 710 2986 post
740 2938 802 2971 tot
833 2932 871 2971 in
904 2928 1058 2971 deserto
1091 2936 1128 2970 et
1159 2930 1198 2969 in
1230 2930 1317 2985 ipsa
1345 2927 1565 2970 Palaestina
1595 2924 1741 2968 tumul-
