1867 3301
253 326 413 375 mentis,
455 338 554 381 quae
586 324 698 366 aliam
732 323 1040 381 qualemcunque
1073 322 1314 380 hypothesin
1347 331 1541 375 evertant,
1582 323 1742 367 demon-

252 418 375 451 strare
408 408 594 450 conabor.
640 409 682 449 In
713 410 849 464 primis
881 409 1003 464 igitur
1035 408 1292 448 certissimum
1321 407 1476 449 videtur
1508 407 1612 449 hune
1633 407 1742 450 Psal-

249 508 357 534 mum
405 492 641 533 destinatum
682 506 764 532 esse
804 491 853 532 ad
891 490 1095 545 eujusdam
1138 492 1240 547 regis
1279 492 1437 547 nuptias
1478 490 1738 532 celebrandas.

248 576 335 632 Ipse
367 576 506 617 titulus
540 575 708 616 declarat
744 575 820 616 hoc
852 590 935 616 esse
969 575 1170 615 canticum
1202 589 1388 615 amorum
1420 569 1578 635 (ΠἾἾἾἼ
1608 571 1740 634 ἾἿῐζὶἮ

250 667 286 700 et
320 674 441 715 quum
464 668 571 700 vates
603 661 749 716 regiam
781 672 967 715 sponsam
1000 658 1181 699 hortetur
1213 654 1273 710 (v.
1302 654 1392 710 11),
1426 666 1472 698 ut
1502 657 1641 714 populi
1671 672 1764 714 pa·-

250 744 424 798 triaeque
458 741 598 784 domus
633 741 900 791 obliviscatur,
936 743 1005 782 vix
1034 722 1133 782 illud
1155 740 1229 781 alio
1252 749 1427 797 tempore
1450 740 1603 782 fecisset
1624 755 1739 797 quam

249 840 370 881 quum
396 826 478 881 jam
509 840 642 867 reeens
676 827 714 866 in
746 827 994 882 peregrinum
1027 824 1215 880 palatium
1245 825 1421 880 ingressa
1443 833 1563 874 esset,
1597 824 1742 865 seilicet

250 924 371 965 quum
420 909 581 951 solemni
623 924 769 965 pompa
810 908 1017 949 duceretur
1062 909 1101 947 in
1148 909 1293 963 regiam
1335 909 1476 949 mariti.
1539 906 1590 949 Ut
1627 907 1742 948 Mau-

247 1007 359 1034 rerus
401 995 471 1034 ait:
521 992 811 1033 »infirmissima
851 998 944 1032 sunt
986 999 1234 1047 argumenta,
1276 989 1420 1047 quibus
1460 990 1639 1032 nonnulli
1670 992 1742 1032 im-

246 1090 424 1132 pugnare
471 1075 632 1116 student
675 1077 906 1116 sententiam
946 1089 1104 1124 eorum,
1156 1076 1224 1131 qui
1262 1089 1335 1130 pro
1376 1074 1625 1130 epithalamio
1664 1075 1741 1116 hoc

249 1174 400 1200 carmen
432 1158 590 1200 habent.
634 1159 825 1215 Reginam
857 1160 1012 1199 nonnisi
1048 1157 1175 1199 obiter
1207 1166 1245 1198 et
1275 1166 1461 1214 tanquam
1492 1173 1563 1214 per
1585 1159 1741 1216 degres-

248 1243 397 1283 sionem
437 1258 458 1283 a
496 1244 706 1299 proposito
749 1244 1043 1283 commemorari
1086 1241 1241 1297 dieunt.¹
1290 1240 1410 1295 Quasi
1444 1256 1536 1283 vero
1571 1257 1669 1299 quae
1700 1244 1739 1283 in

247 1325 520 1382 duodeviginti
554 1341 738 1367 versuum
780 1328 945 1367 carmine
984 1341 1054 1382 per
1086 1334 1233 1381 septem
1273 1327 1447 1382 integros
1479 1340 1617 1367 versus
1655 1326 1740 1367 lau-

247 1409 364 1450 datur
385 1424 545 1465 sponsa,
579 1425 660 1450 non
693 1412 743 1450 sit
776 1412 869 1451 satis
892 1409 1068 1450 laudata!
1111 1408 1228 1462 Quod
1250 1408 1383 1465 paullo
1406 1408 1586 1465 pluribus
1609 1408 1738 1450 verbis

247 1502 513 1534 commoratur
534 1502 641 1534 vates
673 1495 713 1533 in
734 1492 932 1534 laudando
955 1507 1058 1549 rege,
1093 1507 1209 1533 causa
1232 1501 1290 1534 est
1312 1491 1420 1549 quod
1441 1494 1585 1548 primas
1607 1501 1738 1549 partes

245 1579 326 1632 agit
356 1592 468 1617 rex.«
521 1576 573 1617 Et
612 1576 661 1617 ad
693 1591 827 1617 vocem
860 1559 966 1643 ιἺᾎΨ
998 1576 1098 1617 idem
1136 1575 1234 1617 bene
1271 1584 1424 1617 monet:
1472 1578 1611 1633 »quasi
1643 1590 1736 1617 vero

245 1673 345 1715 quae
376 1674 482 1700 uxor
512 1659 703 1701 destinata
735 1668 821 1701 est«
861 1685 906 1690 —
945 1668 982 1700 et
1007 1659 1088 1714 jam
1120 1668 1245 1715 nupta
1282 1684 1328 1689 -
1367 1674 1470 1700 »non
1502 1661 1632 1715 possit
1663 1658 1737 1700 dici

244 1742 396 1783 uxorl«
430 1741 510 1783 Sed
543 1743 687 1784 dixerit
718 1743 885 1784 fortasse
919 1745 1125 1799 quispiam,
1160 1751 1256 1792 esto,
1290 1751 1336 1783 ut
1366 1744 1468 1799 regis
1491 1744 1652 1798 nuptiae
1674 1742 1737 1783 hie

245 1827 324 1867 sint
356 1825 588 1875 celebratam
622 1835 662 1867 at
692 1842 773 1868 non
805 1828 985 1883 sequitur
1008 1825 1263 1867 Solomonem
1295 1825 1415 1866 fuisse
1446 1827 1563 1866 istum
1593 1839 1734 1882 regem.

245 1908 310 1950 Tu
342 1924 436 1950 vero
479 1909 702 1959 considera,
744 1925 838 1951 num
871 1910 969 1950 alius
1008 1909 1126 1951 suerit
1155 1909 1416 1950 Israelitarum
1450 1923 1540 1959 rex,
1583 1917 1737 1965 praeter

244 1990 519 2042 Solomonem,
563 1995 623 2034 cui
664 1995 793 2034 omnia
833 1995 872 2033 in
913 1994 989 2034 hoc
1021 1995 1169 2034 cantico
1211 1992 1312 2033 dicta
1344 2007 1393 2034 ex
1425 1993 1609 2033 amussim
1643 2007 1736 2032 con-

243 2077 413 2116 veniant.
469 2075 600 2128 Quum
639 2078 739 2117 enim
771 2078 873 2133 regis
906 2076 984 2116 filia
1017 2077 1080 2117 hic
1111 2085 1297 2132 tanquam
1329 2091 1434 2116 nova
1465 2084 1589 2131 nupta
1619 2075 1733 2116 indu-

243 2166 352 2199 catur
385 2155 446 2211 (v.
482 2156 578 2212 14),
622 2159 717 2200 aliae
750 2168 878 2200 autem
910 2174 1046 2216 regum
1078 2159 1177 2200 filiae
1209 2161 1310 2200 inter
1340 2161 1443 2215 regis
1475 2158 1628 2214 pellices
1660 2172 1735 2199 nu-

240 2249 439 2282 merentur
471 2238 532 2295 (V.
569 2240 665 2294 10),
709 2242 955 2298 quaerendus
995 2251 1054 2283 est
1093 2242 1233 2298 aliquis
1265 2242 1524 2283 Israelitarum
1563 2255 1653 2291 reX,
1694 2243 1733 2281 in

241 2339 356 2380 quem
388 2324 483 2365 haec
516 2325 720 2381 quadrent,
755 2325 910 2374 scilicet,
950 2327 1017 2380 qui
1048 2328 1150 2381 regis
1182 2325 1299 2366 filiam
1332 2327 1562 2381 praecipuae
1593 2326 1731 2365 uxoris

239 2408 326 2448 loeo
361 2407 533 2457 haberet,
568 2408 661 2449 alias
696 2422 855 2465 quoque
878 2410 1004 2464 regiae
1031 2410 1163 2463 stirpis
1187 2407 1425 2449 concubinas
1447 2415 1606 2448 teneret.
1645 2406 1730 2447 Jam

238 2505 332 2531 vero
357 2489 612 2532 Solomonem
644 2506 725 2532 non
757 2493 832 2532 nisi
864 2506 980 2532 unam
1013 2492 1186 2547 reginam
1214 2490 1411 2540 habuisse,
1446 2504 1605 2546 eamque
1626 2489 1731 2531 Pha-

238 2575 370 2614 raonis
412 2574 548 2623 filiam,
594 2576 655 2615 cui
695 2574 928 2630 peculiarem
966 2573 1100 2615 aedem
1131 2576 1329 2614 exstruxit
1362 2570 1411 2625 (1
1443 2573 1541 2629 Reg.
1568 2573 1656 2622 Vll,
1688 2571 1728 2613 8.

237 2656 314 2705 IX,
340 2654 434 2709 24);
467 2657 653 2698 habuisse
686 2666 813 2698 autem
848 2659 1113 2713 septingentas
1145 2657 1324 2698 mulieres
1350 2656 1563 2711 principes
1593 2663 1632 2696 et
1651 2663 1728 2696 tre-

239 2747 367 2780 centas
399 2740 552 2795 pellices
587 2738 627 2793 (1
652 2740 748 2797 Reg.
772 2741 838 2789 XI,
872 2737 928 2792 3),
962 2739 1002 2780 id
1035 2742 1073 2781 in
1104 2738 1213 2780 libris
1246 2739 1443 2780 historicis
1476 2738 1618 2779 diserte
1648 2746 1728 2779 tra-

239 2821 356 2862 ditur.
413 2821 548 2879 Neque
588 2823 686 2864 alius
730 2832 789 2863 est
819 2822 1079 2863 Israelitarum
1119 2837 1210 2871 reX,
1253 2822 1299 2863 de
1341 2836 1420 2877 quo
1462 2821 1594 2862 eadem
1634 2821 1727 2861 haec

237 2905 451 2960 praedicari
484 2914 659 2961 possent.
708 2905 816 2955 Nam,
851 2914 897 2947 ut
917 2905 1261 2947 Rosenmuellcrus
1283 2907 1348 2954 ait,
1382 2904 1552 2947 Davides
1574 2911 1728 2960 praeter
