1867 3301
951 192 1051 239 308

257 331 402 388 stylum
441 331 555 388 plane
586 331 818 373 Davidicum
853 330 925 384 (cs.
958 347 996 372 V.
1031 329 1050 373 1
1089 346 1175 373 cum
1207 331 1350 372 Psalm.
1381 329 1528 382 XVIII,
1563 331 1608 382 13
1650 347 1687 373 V.
1719 331 1745 374 2

258 429 343 456 eum
366 415 431 456 Ps.
455 415 602 465 XVIII,
627 414 695 465 32,
728 416 771 464 II,
792 415 830 465 7,
851 415 929 466 223
963 431 1000 456 v,
1024 413 1052 456 4
1083 397 1173 460 1ἿἾΓἻ
1195 419 1302 462 W&
1325 429 1412 457 cum
1432 414 1498 457 Ps.
1516 414 1655 464 XVIII,
1675 413 1744 465 33,

254 497 333 547 40,
375 514 444 541 nec
475 501 549 541 ista
581 500 728 541 locutio
761 514 928 557 usquam
961 498 1052 540 alibi
1085 501 1276 550 occurrit3
1315 514 1353 540 v.
1385 497 1412 541 8
1444 482 1556 545 ‘mn
1589 531 1598 540 .
1623 530 1631 540 .
1658 531 1666 540 .
1693 502 1745 545 ¹³3>

256 596 344 624 eum
364 582 430 624 Ps.
453 583 600 633 XXIV,
628 582 664 634 1,
691 583 735 634 23
772 599 806 624 v.
829 582 882 625 10
914 587 1016 646 ’(Ἶᾶ
1042 615 1049 624 .
1071 616 1079 624 .
1101 615 1108 624 .
1132 579 1312 629 ΠὯῙΒΞ
1344 597 1428 624 cum
1452 582 1610 632 Ps.VlI,
1631 581 1670 632 8,
1695 580 1744 633 9;

254 666 322 716 ΧΙ,
342 664 388 717 6;
421 666 560 716 XVIII,
590 665 663 717 143
698 675 735 708 et
756 672 806 713 ψ
829 671 921 731 ῘΠἺἾ
954 682 1041 708 cum
1071 666 1137 708 Ps.
1160 666 1308 716 XXIX,
1333 665 1405 717 103
1441 667 1652 723 quinetiam
1675 680 1747 708 vo-

255 749 436 792 cabulum
468 749 565 792 illud
597 754 733 800 ἾἹΞΞ,
769 750 878 807 quod
909 750 1079 792 Davides
1111 753 1318 807 praecipue
1351 749 1515 800 affectat,
1549 751 1747 791 invenitur

253 849 291 875 V.
316 831 373 887 8).
414 834 562 875 Deinde
594 837 735 876 mirum
767 833 870 876 foret
900 836 932 876 si
964 837 1146 891 princeps
1178 835 1272 876 haec
1293 835 1456 876 Davidis
1478 836 1642 876 victoria
1674 847 1746 875 sua

255 920 623 960 commemoratione
655 926 813 960 careret.
864 918 1115 974 Quantopere
1143 918 1205 959 vel
1236 920 1404 974 imperiti
1435 918 1600 960 lectores
1631 917 1744 959 talem

252 1010 383 1044 tantae
414 1004 469 1044 rei
503 1004 910 1044 commemorationem
943 1010 1171 1058 exspectent
1203 1001 1317 1043 docet
1337 1001 1570 1044 Psalterium
1602 1001 1745 1043 saeculi

252 1094 346 1143 post
368 1085 569 1128 Christum
603 1086 739 1128 decimi
773 1087 902 1143 quarti
935 1085 1044 1143 quod
1075 1086 1170 1127 mihi
1203 1085 1295 1127 dum
1317 1086 1413 1127 haec
1435 1085 1564 1128 scribo
1586 1093 1744 1142 praesto

253 1169 375 1211 adest.
424 1169 523 1211 Nam
556 1169 609 1211 ibi
642 1169 820 1212 Psalmus
850 1170 933 1220 LII,
970 1170 1049 1226 qui,
1083 1169 1198 1211 titulo
1233 1171 1265 1210 si
1298 1169 1441 1219 credis,
1484 1169 1534 1210 ad
1563 1169 1745 1226 Doegum

253 1253 465 1296 delatorem
513 1262 682 1310 spectat,
737 1253 941 1311 splendida
987 1254 1269 1308 illuminatione
1317 1269 1414 1295 auro
1462 1261 1500 1295 et
1545 1252 1744 1295 coloribus

253 1337 435 1379 distincta
468 1346 696 1387 exornatur,
731 1352 830 1394 quae
854 1337 1044 1379 Davidem
1076 1346 1345 1395 repraesentat
1366 1336 1592 1379 Goliathum
1624 1336 1746 1378 funda

252 1422 554 1479 aggredientem.
598 1420 678 1463 Sed
709 1436 779 1463 nec
810 1422 871 1463 ille
892 1422 1072 1463 Psalmus
1104 1437 1175 1463 nec
1205 1422 1309 1463 ullus
1336 1422 1434 1462 alius
1456 1423 1493 1463 in
1518 1420 1744 1462 collectione

251 1515 389 1547 nostra
420 1514 499 1547 tam
531 1521 656 1562 prope
690 1505 837 1547 accedit
868 1505 917 1546 ad
948 1508 1003 1547 rei
1034 1508 1159 1562 ipsius
1183 1506 1504 1562 significationem
1526 1519 1641 1562 quam
1667 1503 1744 1545 hoc

253 1592 457 1632 canticum.
500 1588 599 1630 Nam
621 1604 759 1631 versus
783 1588 808 1631 2
842 1589 945 1630 illam
978 1589 1229 1661 Jehovicojae
1259 1588 1544 1646 professionem
1569 1586 1608 1641 (1
1636 1587 1741 1630 Sam.

250 1673 380 1723 XVII,
413 1670 488 1726 45)
520 1681 700 1724 resonat3
740 1689 777 1714 v.
812 1671 836 1714 3
861 1673 976 1714 ‘haud
1010 1672 1175 1714 obscure
1207 1675 1337 1714 innuit
1367 1674 1505 1729 impias
1539 1671 1743 1714 Goliathae

245 1757 479 1812 jactationes
514 1754 551 1810 (1
581 1756 685 1799 Sam.
708 1757 831 1807 XVII,
857 1755 924 1806 33,
950 1754 1044 1810 34);
1077 1772 1140 1798 vv.
1165 1755 1279 1798 7—9
1313 1756 1534 1814 significant
1563 1755 1634 1797 Dei
1668 1769 1742 1812 ope

251 1841 312 1881 vel
343 1842 520 1882 minimas
543 1843 646 1882 vires
680 1841 939 1897 amplissimae
960 1843 1160 1897 potentiae
1185 1854 1299 1898 pares
1322 1855 1405 1882 esse
1428 1837 1468 1893 (1
1495 1838 1600 1881 Sam.
1617 1838 1740 1888 XVII,

249 1922 306 1965 45
330 1921 457 1981 sqq.);
491 1940 528 1965 v.
556 1923 609 1966 10
644 1924 692 1966 ad
724 1924 900 1966 hostium
932 1926 1095 1966 exitium
1128 1933 1295 1981 spectat,
1331 1923 1440 1981 quod
1470 1923 1644 1965 Jehovae
1677 1922 1743 1964 de·

249 2007 366 2049 betur
399 2004 438 2060 (1
475 2007 580 2050 Sam.
611 2008 741 2058 XVII,
773 2007 869 2062 46);
909 2024 947 2049 v.
978 2008 1004 2050 8
1044 2010 1227 2050 seriorem
1261 2007 1424 2049 Davidis
1466 2007 1742 2048 exaltationem

251 2093 364 2148 quasi
386 2093 642 2142 vaticinatum
675 2100 712 2133 et
742 2092 903 2133 ultimus
927 2092 1142 2133 versiculus
1164 2092 1316 2133 fidelem
1339 2093 1436 2148 regii
1458 2092 1637 2148 armigeri
1659 2091 1741 2131 ani-

249 2189 356 2216 mum
389 2174 570 2225 declarat,
604 2177 679 2216 nisi
711 2175 812 2217 forte
838 2175 1027 2217 Davidem
1058 2184 1176 2232 putas
1209 2174 1477 2217 subindicasse
1509 2189 1549 2215 se
1583 2187 1742 2231 quoque

251 2274 272 2300 a
305 2257 484 2300 Samuele
516 2258 689 2300 Jehovae
715 2260 834 2315 jussu
865 2268 1027 2301 unctum
1061 2259 1181 2300 fuisse
1214 2256 1254 2312 (1
1281 2258 1386 2300 Sam.
1410 2257 1524 2307 XVI,
1555 2255 1628 2307 12,
1656 2253 1739 2309 13).

249 2341 447 2398 Denique,
496 2357 638 2383 moneo
680 2342 887 2384 verisimile
927 2357 1009 2384 esse
1050 2341 1240 2384 Samuelis
1274 2341 1417 2392 libros,
1462 2349 1509 2382 ut
1546 2341 1738 2397 principio

250 2425 343 2467 editi
382 2434 494 2476 sunt,
537 2425 587 2467 ad
618 2425 807 2468 Davidem
841 2425 1046 2468 dumtaxat
1076 2428 1308 2482 respexisse.
1363 2425 1415 2466 Et
1447 2439 1568 2481 quum
1600 2431 1737 2472 cetera,

250 2523 349 2566 quae
388 2512 561 2551 continet
599 2511 670 2551 iste
711 2509 809 2551 liber
840 2512 1029 2559 earmina,
1071 2524 1093 2550 a
1124 2509 1274 2550 Davide
1313 2510 1458 2564 scripta
1497 2509 1575 2548 sint
1613 2514 1651 2548 et
1690 2504 1740 2546 ad

247 2591 411 2634 Davidis
442 2593 647 2635 historiam
677 2596 916 2650 pertineant,
951 2594 1047 2643 hoc,
1082 2592 1191 2649 quod
1211 2595 1381 2649 primum
1403 2590 1656 2640 exscribitur,
1690 2587 1740 2630 ad

248 2677 476 2731 primarium
508 2677 639 2719 herois
673 2676 821 2719 facinus
853 2676 1117 2734 proculdubio
1151 2685 1324 2733 spectare
1358 2674 1580 2733 oportebat.

367 2759 555 2802 Davidem
588 2763 627 2802 in
659 2762 745 2817 ipso
779 2760 875 2802 flore
901 2762 1123 2817 juventutis
1158 2759 1404 2809 Goliathum,
1444 2771 1628 2815 procerae
1659 2764 1739 2798 sta-

248 2849 358 2885 turae
395 2846 522 2885 virum
563 2852 601 2885 et
638 2846 821 2885 eximium
861 2844 1165 2885 Philistaeorum
1203 2851 1560 2900 propugnatorem,
1601 2847 1735 2897 aperto

247 2926 372 2970 Marte
413 2927 650 2970 interfecisse
689 2929 945 2970 certissimum
985 2935 1054 2969 est.
1114 2925 1253 2969 Utrum
1295 2941 1356 2976 ca,
1399 2939 1497 2982 quae
1535 2927 1642 2982 epica
1672 2922 1736 2964 illa
