1867 3301
965 207 1065 254 206

271 345 558 402 λεοντοφόνου
591 347 692 387 illius
728 345 1163 403 Gordono-Cunnningi
1196 347 1422 397 historiam,
1465 349 1532 404 qui
1564 350 1673 389 mites
1706 347 1760 389 fe-

270 445 411 486 rasque
443 429 591 471 belluas
624 444 776 486 semper
806 432 906 470 inter
939 429 1162 486 aquandum
1195 430 1459 487 exspectabat.
1511 429 1617 472 Bene
1639 433 1759 487 igitur

272 521 388 569 poeta
426 522 581 562 noster,
623 527 744 569 quum
785 512 1003 569 Josephum
1051 522 1237 569 tanquam
1271 514 1484 568 juvencum
1525 513 1574 554 ad
1613 513 1759 555 sontem

271 595 504 645 induxisset,
539 595 707 636 advocat
737 598 851 637 etiam
883 595 982 637 seras
1016 612 1035 637 e
1062 596 1260 638 montibus
1294 605 1332 638 ct
1363 606 1567 639 venatores
1600 598 1760 653 sagitta-

271 680 371 728 rios,
420 681 485 735 qni
526 693 611 719 eum
653 678 802 720 infestis
841 680 999 736 ungulis
1041 688 1086 733 9¹3
1134 680 1217 721 telis
1265 680 1525 721 adorirentur.
1595 681 1671 721 Ista
1710 679 1760 721 ad

270 762 601 818 Ephraimitarum
635 777 785 811 casnm,
831 765 897 818 qui
929 765 969 803 in
1000 763 1101 804 libro
1135 763 1315 804 Judicum
1351 761 1398 815 (c.
1421 761 1509 816 XII)
1543 770 1757 812 enarratur,

270 848 462 901 pertinere
485 845 667 887 arbitror.
714 845 843 899 Quum
867 848 967 887 enim
988 846 1254 902 Ephraimitae
1278 845 1487 887 Gileaditas
1510 848 1756 894 invasissent,

270 929 311 969 hi
342 928 515 985 Jephtha
547 929 643 969 duce
677 931 867 985 insignem
899 931 1102 970 victoriam
1135 929 1402 985 reportabant.
1451 929 1502 970 Et
1529 944 1609 970 non
1631 929 1758 969 solum

270 1012 415 1053 multos
449 1015 486 1053 in
518 1013 668 1068 proelio
702 1012 768 1053 illo
803 1012 1077 1062 conciderunt,
1118 1027 1253 1053 verum
1290 1014 1403 1053 etiam
1444 1026 1565 1068 quum
1603 1013 1650 1061 ii,
1691 1012 1758 1068 qui

271 1095 508 1145 evadebant,
551 1095 599 1135 ad
638 1094 803 1136 Jordani
841 1095 942 1136 vada
983 1095 1226 1144 accederent,
1268 1094 1549 1151 Ephraimitiea
1594 1094 1756 1135 dialecto

271 1180 425 1235 agnitos
451 1178 500 1218 ad
525 1178 603 1218 duo
632 1187 669 1219 et
692 1178 951 1235 quadraginta
973 1178 1177 1220 hominum
1198 1178 1316 1219 millia
1337 1178 1596 1219 trucidarunt.
1636 1177 1758 1219 Ferae

270 1261 356 1302 illae
387 1270 593 1302 montanae
627 1270 715 1317 apte
747 1270 1041 1318 repraesentant
1075 1261 1298 1311 Gilcaditas,
1334 1262 1444 1318 cujus
1468 1275 1611 1302 nomen
1632 1244 1757 1322 ἾᾙῙἿἎ

270 1359 467 1401 asperam,
511 1353 756 1394 montanam,
800 1354 838 1386 et
874 1345 1092 1401 lapidosam
1132 1347 1332 1401 regionem
1373 1344 1562 1401 designat.
1625 1343 1758 1401 Sagit-

270 1430 391 1469 tarios
431 1429 545 1469 etiam
584 1427 657 1469 sub
698 1427 856 1485 regibus
889 1431 990 1469 inter
1023 1427 1234 1470 Gileaditas
1267 1427 1487 1469 abundasse
1518 1429 1612 1468 satis
1644 1427 1758 1469 docet

268 1526 402 1568 pugna
444 1511 508 1551 illa
556 1526 654 1567 qnae
694 1511 911 1553 Ramothae
953 1510 1202 1553 Gileaditicac
1248 1513 1454 1552 commissa
1492 1519 1551 1552 est
1592 1507 1632 1564 (1
1656 1510 1754 1568 Reg.

268 1593 392 1644 XXII,
418 1591 503 1647 34).
558 1593 638 1635 Sed
680 1597 942 1651 quamtumvis
984 1596 1162 1651 oppressi
1202 1610 1223 1634 a
1257 1594 1477 1643 Gileaditis,
1520 1593 1755 1650 Josephidae

270 1676 365 1717 adeo
399 1679 500 1717 vires
533 1692 623 1718 suas
655 1679 695 1718 in
727 1679 921 1734 integrum
953 1679 1215 1726 restituerant,
1249 1685 1294 1718 ut
1323 1685 1508 1734 regnante
1541 1676 1755 1719 Solomone

269 1761 369 1801 inter
399 1763 694 1817 potentissimos
719 1761 910 1801 Israelitas
944 1768 1203 1810 censerentur,
1238 1768 1277 1801 et
1305 1768 1399 1816 post
1428 1760 1621 1817 magnifici
1651 1759 1754 1800 illius

268 1845 370 1900 regis
412 1843 582 1894 obitum,
625 1858 767 1886 novem
806 1843 990 1885 tribubus
1030 1844 1208 1893 adscitis,
1253 1859 1275 1884 a
1311 1843 1551 1885 Judaeorum
1590 1845 1753 1900 imperio

270 1926 544 1978 desciscerent,
587 1936 625 1969 et
660 1942 824 1977 novam,
865 1927 938 1968 sub
978 1942 1068 1983 rege
1106 1927 1408 1983 Ephraimitico,
1451 1926 1753 1968 dominationem

269 2012 545 2052 instaurarent.
592 2011 726 2067 Itaque
757 2010 971 2067 prudenter
1003 2012 1081 2066 egit
1111 2018 1229 2065 poeta
1259 2019 1406 2060 noster,
1439 2011 1507 2067 qui
1538 2009 1612 2051 sub
1637 2008 1755 2052 Solo·

268 2108 382 2134 mone
405 2093 576 2135 scribens
598 2093 824 2150 Josepliidis
847 2093 1168 2135 subblandiretur
1196 2102 1233 2134 et
1259 2095 1370 2150 quasi
1390 2092 1562 2134 seeundo
1594 2107 1753 2134 munere

267 2177 456 2232 palparet,
491 2192 796 2219 commemorans
826 2186 953 2218 tamen
983 2178 1138 2233 quantis
1162 2191 1210 2218 ex
1233 2178 1423 2233 angustiis
1455 2192 1524 2233 per
1544 2176 1616 2217 Dei
1636 2177 1753 2232 patrii

267 2258 496 2300 beneficium
528 2262 650 2316 erepti
682 2269 822 2302 essent.
869 2261 912 2301 In
944 2275 1062 2301 versu
1084 2258 1140 2301 24
1170 2275 1243 2315 pro
1277 2255 1400 2327 Εἶᾷΰ
1432 2260 1592 2316 reposui
1614 2253 1749 2319 'Di-&⁶72

269 2356 385 2398 quam
415 2342 616 2383 lectionem
651 2358 672 2383 a
705 2342 809 2398 Syro
842 2350 957 2398 atquc
985 2342 1136 2384 Onkelo
1169 2342 1376 2398 probatam
1407 2342 1574 2383 Dathius
1607 2341 1749 2383 idcirco

268 2425 530 2474 commendat,
572 2427 663 2481 quia
700 2425 983 2481 parallelismus
1032 2425 1292 2466 clausularum
1333 2440 1463 2466 veram
1508 2426 1750 2466 iterationem

267 2507 463 2565 efflagitet.
512 2508 644 2549 Divini
677 2510 844 2549 nominis
878 2516 1044 2564 quantae
1076 2510 1154 2548 sint
1184 2509 1223 2548 in
1256 2508 1420 2548 historia
1452 2506 1589 2549 Jacobi
1619 2516 1750 2564 partes

267 2606 387 2648 supra
413 2591 580 2632 vidimus
615 2588 726 2645 (Pars
747 2591 791 2641 II,
825 2591 889 2632 Fr.
913 2589 996 2644 IV),
1030 2590 1098 2631 ubi
1129 2590 1227 2646 lapis
1261 2605 1419 2647 quoque
1450 2590 1587 2632 Jacobi
1608 2590 1751 2632 Bethe-

266 2674 362 2714 licus
394 2683 730 2715 commemoratur.
772 2674 1084 2716 Benedictiones
1113 2673 1213 2714 coeli
1241 2682 1333 2714 sunt
1362 2674 1517 2729 pluviae
1547 2689 1746 2730 roresque,

266 2757 558 2798 benedictiones
571 2756 779 2813 profundi
800 2766 893 2798 sunt
913 2758 1039 2798 sontes
1070 2765 1107 2797 ct
1131 2756 1260 2805 rivuli,
1295 2757 1589 2798 henedictiones
1615 2757 1750 2798 uberis

267 2847 304 2881 et
332 2841 438 2882 uteri
477 2849 569 2881 sunt
608 2842 720 2897 copia
758 2841 866 2882 lactis
907 2849 944 2881 et
974 2839 1188 2895 pecudum,
1231 2854 1329 2896 quac
1363 2841 1492 2881 omnia
1522 2837 1748 2895 Josephidis

267 2922 505 2980 obtigerunt,
539 2937 638 2979 quae
670 2931 818 2974 autem,
851 2931 895 2965 ut
924 2931 1042 2979 poeta
1073 2922 1282 2978 significat,
1316 2922 1465 2964 tamdiu
1494 2935 1749 2979 permansura

1140 3086 1157 3104 0
