1867 3301
813 204 876 252 29

665 391 804 434 PARS
841 391 1022 435 PRIMA.

218 487 346 529 Homo
380 486 503 529 faetus
537 496 596 529 est
626 487 777 544 probus
812 484 976 555 (Ἶῐζτίζ),
1015 487 1083 529 sed
1114 502 1184 544 per
1215 486 1404 529 carnalem
1437 488 1591 543 sapien-

100 573 190 611 tiam
224 573 262 611 in
295 580 495 627 peccatum
529 571 710 627 delapsus
744 580 813 612 est.

602 671 883 713 FRAGMENTUM
915 671 1087 713 Palmum.

543 755 710 796 Brevius
742 755 944 796 Elohistae
977 770 1142 796 carmen.

220 836 315 879 Gen.
340 838 372 887 1,
400 837 466 888 27,
492 837 560 888 28,
594 839 667 888 Vl,
696 837 731 887 1,
758 822 796 887 2,
820 837 860 888 4,
886 836 924 888 5,
959 838 1063 887 vin,
1090 836 1158 888 21,
1192 838 1265 887 vi,
1291 836 1329 887 6,
1355 837 1393 879 3.

570 939 849 981 FRAGMENTUM
884 938 1117 981 SECUNDUM.

350 1022 494 1063 Fusior
526 1037 646 1080 eaque
678 1024 831 1079 poetica
863 1022 1089 1064 Jehovistae
1123 1022 1346 1078 descriptio.

221 1104 315 1147 Gen.
338 1107 389 1156 ΙΙ,
415 1105 542 1156 7-9,
583 1105 764 1155 15-25,
798 1106 865 1155 ΠΙ,
895 1104 1049 1156 1-19,
1074 1105 1143 1157 21,
1168 1106 1237 1156 23,
1262 1105 1331 1148 24.

627 1236 766 1278 PARS
801 1236 1062 1279 SECUNDA.

218 1331 474 1381 Abramidae,
512 1340 698 1388 tanquam
724 1334 851 1388 probi
883 1329 1102 1399 (ΕἿἾΨἽ),
1147 1332 1388 1388 adoptantur
1419 1334 1458 1372 in
1492 1332 1591 1372 [ilios

100 1415 193 1465 θεὶς
226 1416 456 1470 rejiciuntur
488 1416 635 1456 vicinae
667 1424 821 1472 gentes,
855 1416 1039 1465 Kinnaei,
1073 1416 1304 1465 Ismaelstae,
1342 1415 1590 1464 Canaunstae,

102 1507 138 1539 et
169 1498 386 1540 Edoinitae.

600 1582 882 1624 FRAGMENTUM
914 1583 1089 1624 Pmmum.

288 1664 463 1720 Rejeetio
497 1665 741 1707 Halnitarum
775 1675 813 1708 et
845 1665 1149 1709 Canaanitarum
1182 1667 1220 1707 in
1252 1681 1404 1723 genere.

220 1746 314 1788 Gen.
338 1748 412 1798 IX,
442 1747 625 1791 18-27,

573 1850 853 1892 FRAGMENTUM
887 1849 1119 1892 SECUNDUM.

601 1933 776 1989 Rejectio
808 1934 1090 1976 Kinnaeorum.

221 2015 316 2059 Gen.
340 2015 405 2066 IV,
431 2015 559 2067 2-8,
593 2014 752 2059 8-16.

585 2117 866 2159 FRAGMENTUM
901 2118 1102 2159 Tssarmm.

584 2201 758 2256 Rejectio
792 2201 1102 2258 Hagarenoruin.

220 2282 314 2325 Gen.
346 2283 460 2334 XVI,
498 2282 629 2334 1-4,
666 2283 739 2334 15,
775 2282 846 2334 16,
886 2284 1014 2334 XVH‚
1048 2281 1212 2334 9-16,
1252 2282 1441 2334 18—26‚
1482 2284 1590 2334 XXI,

103 2365 257 2417 1-1.4,
283 2367 351 2417 20,
377 2367 445 2409 21.

584 2450 864 2493 FRAGMENTUM
900 2449 1111 2504 QUARTUM.

597 2534 772 2590 Rejeetio
805 2534 1091 2575 Edomitarum.

219 2614 314 2658 Gen.
338 2617 484 2667 XXIV,
511 2616 698 2667 32-34,
732 2617 895 2659 XXVII.

651 2747 789 2790 PARS
826 2747 1040 2788 TERTIA.

217 2840 403 2898 Aegypto
446 2841 564 2898 elapsi
603 2842 718 2898 probi
750 2842 944 2884 Israelitae
976 2849 1070 2897 post
1102 2839 1362 2897 quadraginta
1395 2855 1519 2881 annos
1553 2842 1591 2880 in

100 2923 252 2966 deserto
294 2923 525 2982 absumptos
565 2926 786 2983 multasque
828 2925 922 2966 alias
963 2924 1189 2968 fluctuantis
1228 2922 1409 2966 fortunae
1442 2925 1593 2965 vicissi-
