1867 3301
799 211 862 259 25

87 354 264 411 syllogen
298 355 558 395 continentem
592 353 721 393 onmia
754 351 817 391 illa
850 350 1083 408 fragmenta,
1119 365 1217 408 quae
1249 352 1463 408 relligionis
1486 366 1578 393 nor-

86 453 206 486 mam,
253 437 348 493 legis
387 435 594 477 medullam
634 433 860 483 tradebant,
911 450 1009 491 quae
1050 435 1110 476 vel
1148 434 1359 491 probitatis
1399 443 1578 476 naturam

88 519 344 569 exhibebant,
394 519 455 559 vel
499 533 682 559 verorum
731 526 769 558 et
815 519 1056 559 sincerornm
1094 518 1355 559 Israelitarum
1394 520 1578 559 victorias

88 602 351 652 celebrabant,
386 601 605 643 felicitatem
638 600 937 657 praedicabant,
978 601 1149 642 suturam
1181 600 1461 643 beatitudinem
1492 601 1580 657 pol-

88 686 314 728 licebantur.
380 684 583 741 Quidquid
622 685 743 740 hujus
776 683 942 734 farinae,
988 686 1027 725 in
1061 686 1179 725 sacris
1211 684 1453 726 ,ludaeorum
1486 686 1581 726 scri-

87 772 165 825 ptis
199 769 446 825 implicitnm,
488 783 561 824 pro
597 776 724 809 vetere
757 767 974 825 fragmento
1008 767 1143 808 haberi
1175 776 1325 823 potest,
1365 767 1406 808 id
1437 768 1581 809 scilicet

87 854 187 894 inter
218 852 308 892 libri
339 852 547 893 Jasharani
579 851 778 908 relliquias
810 851 939 893 locum
973 850 1047 892 sibi
1079 850 1295 893 vindicabit
1326 859 1364 893 et
1393 859 1581 908 tanquam

87 936 319 992 postliminii
345 936 434 991 jure
466 943 696 976 revertetur.

618 1195 967 1246 CAPITULUM
1004 1197 1059 1245 V.

92 1312 256 1355 Quanam
286 1313 427 1348 ratione
457 1312 615 1349 eruenda
645 1313 718 1348 sint
748 1319 783 1348 et
813 1312 1008 1360 digerenda
1037 1311 1119 1348 libri
1143 1312 1338 1349 Jasharani
1365 1311 1580 1363 fragmenta.

208 1517 274 1559 Ad
304 1517 393 1558 libri
414 1516 622 1559 Jasharani
655 1515 871 1574 fragmenta
902 1516 1164 1574 recolligenda
1194 1525 1240 1558 ut
1270 1525 1375 1558 recta
1397 1519 1461 1558 via
1490 1532 1584 1574 pro-

90 1601 325 1660 grediamur,
360 1603 398 1642 in
431 1603 565 1657 primis
600 1600 866 1657 quaerendum
889 1609 968 1650 est,
1003 1615 1176 1657 quonam
1197 1609 1373 1656 tempore
1394 1602 1470 1642 ista
1490 1615 1585 1658 poe-

91 1695 238 1727 matum
271 1685 420 1741 sylloge
452 1686 490 1725 in
512 1699 636 1725 unum
659 1698 803 1740 corpus
825 1683 982 1725 redacta
1004 1686 1066 1725 sit.
1115 1684 1167 1726 Et
1189 1686 1319 1725 omnia
1341 1685 1583 1735 confirmant,

92 1769 132 1811 id
172 1767 281 1826 quod
317 1770 444 1824 primo
487 1766 631 1808 obtutu
662 1767 983 1808 verisimillimum
1026 1776 1102 1817 est,
1145 1767 1360 1809 Solomone
1399 1777 1585 1825 regnante

93 1849 249 1894 vetusta
288 1852 352 1893 illa
392 1853 579 1900 carmina,
623 1865 776 1892 cascum
808 1851 905 1892 illud
936 1850 1135 1892 Hebraeae
1166 1853 1322 1907 pietatis
1355 1866 1587 1893 monumen-

92 1946 195 1987 tum,
239 1944 450 1977 convasata
482 1949 585 1984 esse,
607 1935 844 1991 descripta,
887 1943 925 1976 et
955 1937 1056 1976 inter
1086 1936 1411 1991 pretiosissimam
1441 1934 1587 1976 floren-

93 2022 233 2062 tissimi
275 2021 425 2076 imperii
465 2018 742 2074 supellectilem
783 2020 968 2074 reposita.
1033 2017 1132 2058 Nam
1174 2026 1268 2059 tunc
1303 2020 1492 2074 temporis
1523 2032 1585 2059 res

94 2103 306 2145 Hebraicae
345 2102 394 2143 ad
434 2116 628 2142 summum
668 2101 861 2142 felicitatis
901 2101 1052 2142 culmen
1088 2110 1357 2158 pervenerant.
1421 2100 1585 2143 Solomo

95 2185 343 2228 Ben-David
375 2186 552 2226 latiorem
585 2184 791 2226 exercebat
823 2184 1150 2235 dominationem,
1190 2199 1308 2242 quam
1339 2185 1443 2227 ullus
1475 2194 1589 2227 antea

95 2285 167 2312 rex
207 2284 276 2310 seu
315 2268 420 2310 suses
461 2271 588 2326 gentis
619 2268 862 2309 Israeliticae.
925 2268 1053 2326 Regni
1093 2271 1155 2309 sui
1190 2268 1286 2311 fines
1320 2267 1368 2310 ab
1402 2269 1586 2326 Aegypto

96 2362 134 2395 et
163 2353 384 2395 Philistaeis
425 2367 551 2409 usque
593 2352 642 2393 ad
673 2352 915 2408 Euphratem
947 2353 1197 2409 propagavit.
1260 2351 1389 2394 Naves
1423 2353 1506 2408 ejus
1540 2368 1585 2394 ex

98 2436 244 2493 Ophire
278 2451 415 2477 aurum
448 2444 486 2477 et
516 2438 700 2492 pretiosa·
721 2435 844 2493 ligna,
880 2451 929 2478 ex
952 2436 1162 2478 Tartessiis
1195 2437 1425 2492 regionibus
1449 2452 1588 2478 aurum

97 2529 135 2563 et
166 2529 389 2577 argentum,
424 2519 542 2569 ebur,
578 2528 615 2561 et
646 2521 798 2561 rariora
829 2519 1008 2560 animalia
1041 2518 1265 2560 afferebant.
1317 2519 1417 2561 Cum
1449 2530 1589 2577 poten-

99 2606 248 2644 tissimo
270 2603 445 2660 Aegypti
475 2619 565 2661 rege
599 2603 825 2645 affinitatem
855 2605 1093 2645 matrimonii
1116 2611 1378 2645 contraxerat.
1426 2605 1587 2646 Iliramo

100 2687 225 2743 Tyrio
258 2686 497 2728 familiariter
528 2687 726 2728 utebatur.
776 2685 886 2729 Unde
919 2689 1017 2728 istos
1049 2695 1220 2728 rectores
1254 2695 1292 2728 et
1316 2689 1445 2729 socios
1470 2687 1590 2730 habe-

98 2769 167 2811 bat
199 2778 236 2810 et
267 2772 424 2811 amicos.
472 2771 558 2812 Pax
591 2771 690 2811 alma
723 2779 760 2812 et
791 2772 1064 2812 commercium
1097 2769 1201 2811 dona
1234 2785 1305 2812 sua
1336 2771 1483 2829 ubique
1515 2773 1590 2813 lar-

100 2852 319 2910 giebantur.
372 2854 476 2895 Inter
506 2863 568 2896 tot
597 2855 851 2896 humanitatis
885 2862 922 2895 et
954 2854 1176 2909 opulentiae
1205 2854 1466 2896 emolumenta
1496 2871 1590 2911 pro-

101 2935 286 2977 culdubio
319 2936 466 2979 litterae
499 2946 537 2979 et
560 2940 691 2995 poesis
718 2953 799 2979 non
823 2936 1055 2988 sordebant,
1089 2940 1317 2995 praesertim
1340 2953 1461 2995 quum
1483 2937 1588 2991 hinc,
