1867 3301
766 178 994 250 32⁷-—

250 319 467 360 Jasharana
499 318 618 373 hujus
652 321 832 361 carminis
866 320 1016 362 indoles
1038 323 1078 363 in
1100 322 1279 366 versibus
1303 325 1342 375 7,
1365 324 1392 367 8
1415 330 1624 384 praecipue

132 404 291 454 eminet3
324 402 393 444 ubi
426 416 547 458 quum
582 400 740 444 Chorus
774 403 858 444 Deo
892 404 1159 448 acclamasset:

344 489 518 526 Thronus
548 495 646 535 tuus,
677 503 696 525 0
728 490 836 535 Deus,
867 498 1038 528 aeternus
1069 499 1136 538 est,

344 560 538 610 Sceptrum
558 560 764 609 probitatis
793 562 943 614 (ἿΨῚᾩ)
975 570 1028 599 est
1057 571 1242 613 sceptrum
1273 568 1375 615 regni
1406 568 1468 603 tui.

248 646 473 690 Praefectus
506 647 608 689 illico
642 650 820 698 succinit,
854 648 904 689 ad
935 663 1063 705 regem
1097 664 1325 701 conver-stis,

341 740 454 777 Amas
479 738 685 788 justitiam,
717 747 751 777 et
779 740 982 789 nequitiam
1012 741 1144 788 odisti;

344 811 524 854 Quocirca
552 812 660 848 unxit
689 818 724 848 te
754 811 862 857 Deus,
893 811 990 847 Deus
1020 819 1119 858 tuus,

343 883 429 920 Oleo
457 883 617 920 laetitiae
646 895 734 932 prae
764 883 871 919 sociis
902 884 986 919 tuis.

216 977 357 1016 Veram
389 975 464 1016 loci
496 977 859 1032 interpretationem
892 989 974 1015 eam
998 989 1094 1026 esse,
1130 989 1247 1033 quam
1270 976 1371 1027 dedi,
1413 977 1628 1020 ostendunt

128 1059 223 1100 aliae
256 1059 429 1115 ejusdcm
461 1061 516 1100 rei
548 1059 853 1116 significationes
892 1084 938 1089 --
976 1073 1126 1114 nempe,
1160 1059 1286 1101 Deum
1312 1062 1470 1116 probos
1499 1062 1626 1102 homi-

127 1157 195 1184 nes
235 1143 357 1184 tutela
396 1157 467 1183 sua
507 1141 659 1193 fovere,
709 1150 919 1199 propterca
961 1141 1070 1198 qnod
1118 1144 1200 1198 ipse
1232 1145 1454 1199 probitatis
1495 1141 1624 1213 (Ἶῖζᾮ)

128 1234 325 1283 sceptrum
357 1234 479 1283 gerat.
528 1226 584 1267 Ita
616 1227 656 1267 in
687 1225 814 1267 Mosis
847 1227 996 1267 cantico
1025 1226 1107 1281 jam
1140 1241 1261 1283 supra
1292 1228 1455 1285 legimus
1490 1225 1623 1282 (Deut.

126 1309 292 1361 XXXII,
315 1306 382 1363 4);

438 1395 535 1432 Deus
564 1394 680 1432 fidelis
711 1402 765 1432 est
794 1402 829 1431 et
858 1396 936 1432 sine
965 1396 1157 1444 iniquitate

437 1466 573 1504 Justus
603 1474 637 1503 et
658 1465 806 1516 probus
836 1473 891 1504 est
919 1467 990 1503 Ille.

126 1559 178 1601 Et
207 1561 246 1601 in
277 1559 422 1601 Psalm.
444 1557 564 1609 XCII,
593 1557 667 1601 16:

440 1639 639 1677 Ostendere
666 1638 847 1676 Jehovam
877 1651 955 1676 esse
975 1638 1154 1690 probum.

126 1725 313 1769 Similiter
343 1725 492 1770 Jesaias
526 1722 688 1780 (XXVI,
714 1723 778 1779 7):

437 1813 507 1850 Via
524 1816 635 1863 justo
666 1819 721 1849 est
747 1811 955 1849 rectissima

609 1888 665 1932 (ad
690 1889 755 1923 litt.
783 1892 1025 1924 rectitudines
1052 1888 1103 1924 vel
1129 1891 1351 1936 probitates,
1378 1888 1575 1947 Επᾜτθπῃ).

437 1961 509 2007 Τιι,
540 1973 560 1998 o
581 1960 704 2011 probe
732 1960 860 2018 (Ἶῐζῖζ),
891 1960 1048 1997 orbitam
1073 1959 1168 2009 justi
1198 1961 1334 2009 dirigis.

246 2058 296 2103 Ut
317 2059 416 2101 bene
437 2068 599 2101 monent
619 2059 802 2108 Dathius‚
838 2067 875 2100 et
896 2068 990 2115 post
1011 2073 1098 2100 enm
1123 2058 1313 2100 Gesenius
1337 2058 1386 2099 ad
1409 2058 1537 2100 locum
1559 2057 1623 2101 Je-

124 2146 240 2193 saiae,
261 2142 463 2200 Propheta
484 2158 564 2184 non
586 2143 764 2200 loquitur
782 2141 827 2183 dc
845 2145 917 2183 viis
942 2144 1066 2199 ipsius
1086 2142 1199 2198 justi,
1225 2144 1294 2182 i.c.
1316 2141 1362 2182 de
1379 2144 1461 2183 vita
1483 2142 1567 2198 ejus
1585 2150 1624 2184 et

124 2242 278 2268 morum
301 2226 512 2283 probitate,
546 2226 615 2267 sed
648 2226 694 2267 de
726 2225 905 2267 felicitate
927 2227 1001 2267 viri
1022 2225 1140 2283 probi
1162 2233 1200 2266 et
1225 2225 1338 2280 justi,
1374 2225 1420 2266 de
1443 2241 1488 2266 co
1513 2226 1622 2282 quod

124 2311 232 2353 Deus
253 2309 405 2367 probus
435 2324 508 2366 pro
531 2312 606 2366 piis
630 2325 673 2351 ac
698 2310 818 2365 justis
842 2309 994 2360 efficiat,
1029 2309 1076 2351 de
1098 2324 1250 2350 summa
1270 2308 1342 2350 Dei
1363 2308 1561 2365 probitate
1582 2311 1623 2350 in

126 2393 308 2436 omnibus
343 2408 441 2450 quae
472 2395 547 2450 piis
581 2395 773 2435 eveniant.
838 2392 1012 2443 Scilicet,
1054 2401 1099 2434 ut
1130 2408 1252 2449 supra
1283 2394 1439 2448 saepius
1472 2392 1622 2448 signifi-

125 2480 221 2528 cavi,
256 2480 341 2535 ipsa
371 2476 460 2518 libri
493 2476 698 2518 Jasharani
724 2478 824 2518 ratio
851 2491 900 2517 cx
922 2491 967 2517 eo
992 2478 1197 2525 emanavit,
1232 2474 1341 2532 quod
1364 2490 1479 2516 voces
1502 2473 1622 2543 Ἷῐζῗὶτζ

125 2569 164 2603 et
195 2565 293 2629 Ἶῖἒῖ
329 2563 369 2602 in
402 2576 519 2603 unam
550 2562 751 2602 notionem
786 2559 1004 2601 confluunt.
1066 2558 1218 2601 Ambae
1253 2573 1366 2600 voces
1401 2559 1458 2600 ad
1485 2559 1620 2615 reqio-

124 2659 218 2686 ozem
248 2645 409 2686 viarum
440 2653 614 2702 spectare
646 2652 835 2701 possunt,
875 2651 921 2684 ut
959 2642 1057 2684 benc
1096 2644 1268 2684 innuerit
1301 2640 1490 2684 Gesenius
1523 2638 1618 2694 (Jes.

125 2743 165 2785 p.
189 2724 313 2781 794):
354 2727 507 2769 »dieses
539 2727 629 2769 Bild
667 2729 719 2768 ist
759 2725 882 2768 selbst
919 2728 958 2767 in
994 2726 1055 2768 die
1088 2725 1263 2783 Sprachc
1296 2725 1619 2782 iibergegangen3

127 2811 230 2853 denn
260 2804 380 2871 ἾΨθζ
411 2813 463 2852 ist
490 2809 816 2867 yerademaclzen
845 2809 929 2851 und
959 2809 1189 2866 heylizclcen,
1223 2808 1305 2850 und
1327 2812 1434 2875 Ἶῐζῖῖ,
1465 2808 1620 2863 yerade

126 2921 244 2964 seyn,
289 2905 507 2963 entspricht
547 2905 634 2948 dem
672 2905 777 2948 arab.
807 2916 899 2960 -mrt
943 2903 1145 2961 qlzzcklieh
1189 2919 1307 2961 seyn,
1350 2902 1470 2960 vergl.
1519 2902 1619 2945 auch
