1867 3301
957 190 1058 238 230

260 333 321 373 vel
353 335 509 400 ΠΊΨΝ
543 333 722 388 legentis,
758 332 866 387 quod
900 332 1161 386 compositum
1193 331 1244 370 sit
1275 343 1325 370 ex
1356 332 1440 374 W&
1473 337 1512 369 et
1541 326 1658 373 ῙἾἾΨ
1690 329 1750 370 vel

261 420 377 483 ΠἾΨ
405 415 608 469 jaculatae
631 414 879 469 fuhninum,
915 428 936 454 a
968 412 1094 454 ladice
1127 410 1239 457 ΠἾΨ
1271 412 1358 452 coll.
1391 427 1429 452 n.
1457 408 1516 468 pr.
1550 415 1749 480 '‘mv-lm,

260 509 306 540 ut
338 501 526 539 sententia
560 499 629 538 sit:
664 513 683 538 e
716 498 860 538 dextra
898 512 982 551 ejus
1013 497 1118 551 iqnis
1145 465 1415 550 saizclacionis
1447 492 1488 548 (i.
1512 511 1543 537 e.
1578 474 1750 552 fulgura)

263 582 320 623 acl
351 597 416 622 eos
448 583 603 629 missus,
637 595 718 620 non
748 582 861 636 potui
895 595 974 620 non
1007 593 1217 636 agnoscere
1250 580 1450 619 veritatem
1482 579 1601 634 hujus
1633 581 1752 620 inter-

261 666 515 721 pretationis,
557 677 692 719 quam,
734 671 779 703 ut
812 662 1000 704 Gesenius
1042 671 1194 711 monet,
1237 663 1317 702 sinc
1357 661 1435 702 ulla
1468 663 1681 703 mutatione
1711 662 1753 702 in

262 747 415 803 vulgari
447 748 641 802 scriptura
663 749 783 795 inest,
819 745 1010 802 siquidem
1041 750 1113 812 Πῆτ
1145 760 1217 800 pro
1251 750 1339 811 ΠΤ
1365 759 1447 785 esse
1469 752 1601 801 potest
1621 745 1752 798 jactio

264 832 344 870 sive
365 830 570 883 jaculatio
603 844 625 869 a
656 828 783 870 radice
816 834 900 896 ΓΓΤῚ]
921 830 1033 881 jecit.
1081 829 1191 869 Hanc
1222 830 1413 869 rationem
1445 828 1519 868 loci
1542 829 1753 869 sententIae

264 912 705 954 accommodatissimam
739 927 821 952 csse
853 914 982 968 quivis
1018 911 1179 960 viderit,
1223 913 1291 966 qui
1323 912 1583 951 reminiscitur
1612 909 1752 959 Deum,

264 1012 313 1038 ex
344 996 587 1038 Judaeorum
630 997 840 1043 sententia,
884 993 1040 1050 fulgura
1078 1002 1265 1049 tanquam
1305 995 1506 1034 ministros
1539 993 1753 1034 voluntatis

264 1095 356 1121 suae
395 1079 579 1120 adhibere
624 1075 712 1131 (Ps.
736 1078 788 1127 L,
814 1077 852 1126 2,
879 1076 917 1118 3.
961 1076 1060 1126 CIV,
1085 1076 1122 1118 4.
1169 1075 1382 1126 CXLVIII,
1408 1074 1464 1129 8).
1527 1076 1662 1133 Itaque
1702 1078 1756 1117 ait

262 1171 380 1220 poeta
401 1163 495 1203 haec
518 1162 693 1218 fulgura,
730 1175 828 1217 quae
862 1169 973 1201 antea
996 1169 1206 1201 vocaverat
1222 1160 1410 1215 yladium
1429 1158 1754 1215 Deifulyuran·

264 1253 342 1287 tem
373 1243 504 1298 (Deut.
527 1244 700 1293 XXXII,
724 1242 811 1296 44),
851 1243 1062 1300 procedere
1093 1258 1174 1285 non
1207 1243 1325 1284 modo
1357 1259 1377 1283 e
1400 1243 1545 1284 dextra
1560 1241 1753 1296 Jehovae,

265 1329 335 1371 sed
365 1331 479 1370 etiam
513 1344 532 1368 e
565 1329 734 1368 catervis
763 1328 988 1368 sanctitatis
1019 1330 1042 1367 i.
1068 1342 1099 1367 e.
1135 1341 1184 1367 ex
1216 1327 1365 1368 infinita
1397 1326 1461 1367 illa
1490 1325 1753 1375 multitudine,

266 1427 384 1469 quae,
424 1421 470 1453 ut
508 1410 647 1452 Judaei
686 1410 899 1466 putabant,
942 1409 1015 1451 Dei
1059 1410 1244 1451 thronum
1285 1411 1571 1451 circumsistens
1613 1408 1757 1464 triplici

266 1496 539 1538 acclamatione
569 1496 812 1535 sanctitatem
834 1495 974 1534 summi
996 1495 1165 1535 numinis
1188 1492 1483 1550 pronuntiabat.
1531 1492 1587 1533 Ita
1607 1491 1755 1532 Jesaias

267 1579 399 1620 divino
434 1577 568 1619 afflatu
600 1577 786 1632 abreptus
822 1574 1054 1632 Seraphim,
1088 1579 1112 1616 i.
1142 1592 1173 1617 e.
1208 1579 1340 1633 igneas
1372 1576 1443 1617 has
1477 1584 1649 1624 naturas,
1684 1576 1757 1616 cir-

268 1677 354 1703 cum
375 1661 549 1703 Jehovae
583 1660 768 1701 thronum
803 1659 977 1701 volantes
1010 1659 1294 1715 contemplatus
1329 1668 1403 1709 cst,
1439 1661 1507 1715 qui
1540 1659 1756 1699 alternatim

269 1745 343 1787 sibi
370 1743 652 1786 acclamabant:
685 1743 902 1797 »Sancta-9,
938 1742 1124 1795 Sanctus,
1161 1741 1337 1784 Sanctus
1358 1742 1510 1784 Jehova
1532 1741 1757 1782 coelestium

267 1830 537 1870 exercituum«
572 1824 660 1879 (VI,
686 1825 743 1878 3).
805 1826 909 1867 Bene
947 1828 1067 1882 igitur
1100 1825 1258 1881 subjicit
1289 1834 1397 1866 vates
1431 1833 1565 1867 noster
1597 1838 1757 1866 »omnes

267 1912 396 1953 saneti
427 1910 477 1951 ad
507 1924 665 1951 manum
697 1908 767 1950 tibi
801 1918 912 1958 sunt,
947 1917 986 1949 at
1006 1909 1198 1950 israelitae
1231 1908 1280 1949 ad
1311 1908 1458 1950 radices
1481 1909 1626 1948 montis
1649 1906 1758 1948 Sinai

266 1993 604 2052 procubuerunt«,
639 2002 684 2034 ut
714 1995 781 2049 qui
813 2001 959 2033 tantam
983 1991 1147 2033 Sanctae
1181 1994 1392 2048 majestatis
1423 1991 1758 2047 propinquitatem

268 2076 578 2119 reformidarent.
635 2076 738 2117 Sunt
770 2077 836 2131 qui
870 2073 1017 2142 ἹἾΨᾞΡ
1050 2076 1113 2116 hic
1144 2075 1193 2115 ad
1225 2075 1416 2116 Israelitas
1447 2073 1636 2122 referant,
1670 2087 1759 2114 nam

267 2160 506 2216 piiJehovae
524 2159 694 2200 cultores
712 2161 866 2214 saepius
886 2161 938 2199 ita
956 2159 1202 2215 appellantur
1220 2155 1418 2211 (Ps.XV1‚
1432 2156 1470 2199 3.
1488 2156 1675 2205 XXXIV,
1691 2154 1756 2197 10.

269 2242 491 2291 Deut.VlI‚
517 2240 556 2282 6.
594 2242 718 2282 Levit.
742 2241 817 2290 XI,
842 2239 1047 2294 43—45).
1112 2241 1191 2283 Sed
1223 2243 1291 2282 vix
1323 2240 1505 2282 credibile
1538 2247 1615 2288 est,
1657 2238 1758 2280 idem

269 2325 505 2367 vocabulum
538 2323 674 2365 eodem
711 2324 796 2364 Ioco
832 2332 908 2364 tam
943 2326 1047 2364 varia
1081 2324 1362 2380 significatione
1393 2330 1628 2379 usurpatum
1660 2335 1755 2370 esse,

270 2424 408 2466 nempe
446 2417 492 2449 nt
531 2407 736 2449 denotaret
773 2415 853 2447 tum
885 2406 1073 2447 infinitam
1104 2407 1207 2447 illam
1240 2407 1464 2448 coelestium
1494 2406 1758 2460 potentiarum

270 2491 559 2533 multitudinem
592 2504 690 2546 quae
723 2505 741 2530 c
775 2489 869 2530 coeli
901 2491 1069 2530 sacrario
1103 2489 1342 2545 prodeuntes
1376 2488 1548 2528 divinam
1578 2488 1758 2542 majesta-

271 2585 347 2617 tem
370 2583 408 2615 et
429 2573 716 2615 comitabantur
738 2581 775 2614 et
800 2572 1064 2621 declarabant,
1100 2580 1179 2612 tum
1201 2571 1391 2613 Israelitas
1416 2572 1483 2627 qui
1505 2584 1598 2626 prae
1619 2571 1757 2611 timore

272 2658 468 2714 supplices
506 2672 545 2698 se
578 2657 626 2697 ad
658 2658 777 2697 imum
810 2664 980 2697 montem
1013 2654 1256 2710 abjiciebant.
1318 2653 1383 2695 Ad
1416 2654 1758 2694 commutationem

271 2725 530 2797 personarum
561 2748 599 2780 ct
629 2741 781 2780 numeri
814 2738 922 2794 quod
954 2740 1108 2787 attinet,
1143 2739 1311 2793 scriptor
1342 2745 1477 2778 noster
1505 2735 1662 2777 mirifice
1691 2734 1759 2776 de-

272 2823 437 2864 lectatur
466 2822 532 2863 tali
554 2824 779 2878 scriptionis
801 2823 1083 2871 inconstantia3
1117 2820 1163 2861 cs.
1186 2820 1302 2861 Deut.
1325 2819 1496 2868 XXXII,
1518 2818 1557 2860 7.
1595 2817 1645 2860 15
1669 2830 1755 2873 sqq.
