1867 3301
138 1394 438 1480 Quamquam
463 1427 527 1474 te,
554 1421 623 1464 vir
650 1419 921 1474 doctissime,
951 1419 1142 1464 nondum
1170 1434 1315 1464 coram
1342 1420 1450 1475 vidi,
1484 1420 1525 1465 id
1550 1435 1628 1466 nec

136 1535 213 1571 tua
239 1527 367 1587 culpa
393 1527 566 1583 accidit,
594 1543 671 1573 nec
697 1544 806 1573 mea.
859 1528 1031 1573 Memini
1059 1529 1189 1583 enim,
1218 1542 1351 1588 quum
1376 1529 1420 1572 in
1447 1527 1629 1573 celeber-

136 1637 244 1680 rimo
278 1635 321 1680 S.
344 1636 572 1681 Trinitatis
608 1636 725 1697 apud
752 1635 1131 1697 Cantabrigienses
1160 1635 1370 1681 Sodalitio
1406 1635 1628 1689 censehar,

136 1750 181 1788 tu
222 1751 367 1789 autem
393 1744 651 1790 Academiae
685 1744 799 1790 illius
837 1744 1087 1790 invisendae
1123 1758 1259 1789 causa
1294 1743 1349 1789 ad
1383 1744 1432 1788 D.
1459 1743 1505 1788 F.
1530 1742 1630 1787 Gre-

138 1853 327 1912 gorium,
366 1852 556 1914 ejusdem
594 1852 768 1914 Collegii
803 1853 1002 1908 Socium,
1040 1852 1300 1913 discipulum
1336 1851 1437 1896 olim
1471 1865 1628 1905 meum,

137 1960 344 2020 mihique,
385 1959 486 2005 dum
511 1962 642 2007 vivus
677 1960 780 2016 fuit,
817 1962 1133 2007 amicissimum
1169 1959 1430 2014 diverteras,
1463 1974 1532 2004 me
1562 1974 1630 2003 ar-

139 2069 347 2113 cessitum
380 2068 519 2114 fuisse
546 2077 597 2114 ut
624 2076 666 2114 te
700 2069 817 2129 apud
854 2084 949 2114 eum
977 2069 1261 2114 convenirem.
1315 2066 1457 2117 Quum
1483 2073 1631 2111 autem

141 2174 245 2220 soris
273 2174 474 2221 abessem
499 2177 672 2221 unicam
697 2175 816 2220 issam
841 2178 905 2220 tui
928 2174 1217 2237 cognoscendi
1237 2176 1510 2220 occasionem
1536 2189 1630 2234 per-

141 2281 235 2327 didi.
297 2283 356 2328 At
394 2285 504 2328 enim
538 2298 641 2329 vero
679 2299 729 2329 ea
764 2292 831 2330 est
864 2284 1087 2329 hominum
1123 2283 1416 2328 litteratorum
1450 2281 1631 2327 familia-

140 2391 269 2446 ritas,
305 2399 355 2436 ut
391 2390 673 2437 domesticam
710 2394 961 2437 societatem
994 2408 1081 2437 non
1117 2391 1336 2453 deposcat
1387 2390 1443 2436 Et
1470 2392 1506 2435 si
1534 2391 1630 2450 quis

140 2497 272 2553 alius,
310 2499 503 2559 equidem
537 2507 579 2544 te
607 2501 697 2545 sine
722 2500 1042 2546 nomenclatore
1069 2500 1285 2561 appellare
1312 2500 1468 2545 ausim.
1520 2498 1632 2543 Nam

139 2605 226 2650 sere
263 2606 466 2667 aequales
502 2614 644 2653 aetate
676 2634 734 2641 —
767 2608 890 2654 didici
927 2610 1035 2652 enim
1064 2622 1119 2652 ex
1146 2607 1360 2653 curriculo
1387 2608 1504 2652 vitae
1530 2614 1631 2650 tuac

143 2715 390 2759 tractationi
413 2714 461 2759 de
485 2714 647 2760 tabulis
668 2714 910 2775 Euguhinis
932 2715 1076 2760 addito
1097 2723 1138 2759 te
1161 2714 1394 2760 dumtaxat
1414 2729 1495 2760 sex
1516 2728 1631 2758 men-

144 2820 265 2865 sibus
293 2824 607 2881 provectiorem
634 2837 730 2868 esse
758 2849 814 2855 —
841 2838 917 2883 per
942 2822 1105 2868 multos
1129 2837 1267 2868 annos
1297 2822 1470 2868 easdem
1497 2821 1632 2881 philo-

141 2926 281 2987 logiae
316 2930 513 2989 regiones
549 2932 906 2991 peragravimus3
940 2945 1076 2991 neque
1105 2932 1335 2989 quisquam
1374 2937 1442 2974 est
1477 2931 1518 2973 in
1548 2942 1631 2987 quo
