1867 3301
811 186 902 231 151

350 327 481 382 Ignem
520 328 621 367 enim
656 327 838 367 timuistis
871 340 997 382 neque
1032 329 1108 383 ipsi
1141 336 1315 369 montem
1350 329 1608 371 conscendere

890 413 975 451 ausi
1009 412 1114 453 estis.

351 491 416 533 Sic
447 493 568 549 igitur
601 491 702 534 dixit
732 492 903 535 Jehova:

840 576 867 617 I.

106 671 238 698 Deum&
273 669 315 708 [e]
350 659 462 716 »Ego
497 674 584 700 sum
616 659 768 701 Jehova
800 659 907 701 Deus
942 668 1047 709 tuus,

349 742 425 797 Qui
459 742 579 784 eduxi
612 751 648 784 te
682 758 731 785 ex
761 743 963 800 Aegypto,
1001 743 1118 784 domo
1153 745 1354 785 servitutis
1388 753 1495 786 tuae:

271 835 314 875 [7]
346 826 502 884 Itaque,
538 843 584 869 ne
618 826 721 868 colas
755 827 851 868 alios
887 827 981 868 deos
1016 829 1054 868 in
1088 836 1302 884 conspeetu
1334 844 1434 869 ineo.

827 911 871 951 ΙΙ.

273 1004 315 1043 [s]
348 993 405 1036 Ne
437 994 555 1036 facias
588 993 659 1036 tibi
692 994 871 1050 sculptile
907 995 1022 1036 ullius
1054 995 1224 1052 figurae,

349 1079 458 1133 Quae
492 1081 530 1119 in
564 1078 672 1119 coelo
707 1080 758 1119 sit
790 1078 958 1135 desuper
991 1080 1050 1120 vel
1081 1081 1121 1120 in
1153 1088 1257 1122 terra
1290 1080 1494 1130 deorsum,

347 1162 420 1204 Vel
453 1164 492 1203 in
526 1164 651 1219 aquis,
687 1176 786 1219 quae
820 1162 894 1204 sub
930 1171 1031 1204 terra
1062 1172 1175 1214 sunt,

271 1256 313 1295 [9]
345 1246 403 1288 Eo
439 1246 602 1287 consilio
637 1255 681 1286 ut
714 1246 774 1287 vel
806 1246 977 1288 adoretis
1011 1262 1055 1289 ea
1089 1248 1147 1289 vel
1179 1250 1427 1290 veneremini.

344 1330 429 1387 Ego
464 1332 564 1371 enim
598 1345 683 1371 sum
716 1329 869 1372 Jehova
900 1330 1007 1372 Deus
1040 1340 1146 1382 tuus,
1179 1332 1287 1374 Deus
1320 1331 1508 1382 aemulus,

346 1414 422 1468 Qui
455 1429 577 1471 quum
608 1416 830 1470 parentium
862 1414 1016 1472 eulpam
1048 1430 1168 1472 super
1198 1415 1343 1458 liberos
1376 1415 1587 1472 rependam

344 1497 409 1540 Ad
448 1499 601 1540 tertiam
641 1507 899 1556 quartamque
938 1502 1229 1557 generationem
1270 1516 1407 1543 eorum
1440 1503 1507 1557 qui
1538 1516 1598 1543 me

884 1582 1074 1634 oderunt,

247 1676 311 1716 [10]
343 1667 536 1709 Beneficia
571 1675 696 1708 tamen
730 1667 922 1709 cumulem
954 1669 993 1709 in
1024 1668 1144 1710 millia
1174 1670 1494 1725 generationum,

340 1751 390 1792 Iis
424 1753 491 1808 qui
522 1766 582 1793 me
616 1751 785 1809 diligunt
817 1761 855 1793 et
885 1761 1094 1809 praecepta
1124 1768 1209 1795 inea
1242 1752 1466 1796 observant.

815 1836 874 1877 Ill.

247 1926 310 1967 [11]
343 1918 400 1961 Ne
434 1921 615 1961 enuncies
648 1934 792 1961 nomen
812 1919 987 1963 Jehovae
1009 1920 1081 1961 Dei
1114 1922 1172 1962 tui
1203 1923 1243 1962 in
1276 1920 1465 1962 mendacii
1490 1936 1596 1963 asse-

883 2006 1122 2045 verationem
1135 2019 1144 2055 3

340 2086 439 2129 Nam
472 2089 627 2129 minime
652 2101 758 2138 eum,
794 2089 862 2144 qui
883 2087 961 2129 hoc
982 2087 1132 2138 feeerit,
1167 2090 1405 2145 impunitum
1427 2088 1595 2131 dimittet

879 2171 1044 2213 Jehova,

805 2255 872 2297 IV.

245 2348 308 2388 [12]
344 2337 521 2382 Observa
553 2339 653 2382 diem
684 2340 884 2397 requietis,
922 2347 968 2381 ut
999 2339 1214 2382 sanctifices
1248 2355 1335 2381 eum
1367 2349 1490 2398 prout
1522 2340 1591 2382 tibi

882 2426 1081 2480 praecepit
1111 2423 1264 2466 Jehova
1296 2424 1402 2466 Deus
1434 2433 1541 2465 tuus,

245 2517 308 2556 [13]
342 2506 424 2549 Sex
456 2506 593 2550 diebus
626 2506 780 2558 labora,
815 2516 854 2550 et
886 2510 1017 2549 onmia
1048 2510 1206 2564 negotia
1237 2516 1306 2549 tua
1338 2507 1502 2558 facesse3

243 2600 306 2639 [14]
340 2590 419 2633 Sed
451 2593 640 2647 septimus
675 2591 756 2633 dies
789 2600 848 2632 est
878 2594 1032 2648 requies
1065 2591 1238 2633 Jehovae
1272 2592 1344 2632 Dei
1376 2594 1454 2641 tui,

340 2675 428 2728 Quo
470 2674 684 2717 abstinebis
725 2675 773 2716 ab
817 2677 921 2716 omni
964 2690 1100 2731 opere,
1145 2683 1267 2731 tuque
1305 2683 1343 2716 et
1372 2675 1439 2716 filii
1471 2676 1590 2717 filiae-

878 2774 953 2815 que
987 2761 1063 2808 tui,

341 2840 488 2884 Servus
528 2851 566 2884 et
605 2843 743 2885 aneilla
782 2851 819 2884 et
850 2842 923 2884 bos
961 2850 997 2883 et
1029 2844 1182 2892 asinus,
1224 2851 1262 2885 et
1294 2858 1406 2885 omne
1433 2843 1589 2898 jumen-

880 2934 960 2967 tum
996 2933 1123 2974 tuum,
