1867 3301
924 203 1019 249 134

438 358 440 360 ’
471 345 546 400 Qui
589 344 773 387 avolabat
806 343 961 401 quidem
1004 351 1041 383 rt
1078 342 1212 393 rediit,
1256 342 1323 383 sed
1357 341 1506 383 nullum
1537 344 1717 383 nuntium

934 425 1175 482 reportabat.

267 502 336 529 Gen·
356 502 432 579 VI&
467 514 570 569 Ergo
604 520 699 568 post
730 510 976 552 intervallum
1008 512 1197 565 temporis
1231 512 1358 550 emisit
1390 508 1608 549 columbam
1630 505 1668 562 ¹),

392 606 435 644 [9]
470 595 577 649 Quae
611 608 732 651 quum
764 593 1013 649 tranquillam
1047 591 1176 633 sedem
1209 594 1380 633 invenire
1413 607 1493 632 non
1525 600 1680 648 posset,

466 678 599 720 Rediit
629 678 679 719 ad
711 692 857 725 arcam,
892 684 1008 732 atque
1041 675 1094 717 ibi
1128 678 1268 717 iterum
1299 684 1454 732 recepta
1486 684 1555 716 est.

372 772 434 811 [10]
470 762 600 816 Quum
632 748 761 803 tamen
794 759 900 801 aliud
931 754 1226 811 intervallumf)
1258 761 1540 815 praeteriisset,

468 846 584 888 Israel
616 848 757 887 iterum
791 842 1009 885 columbam
1042 843 1144 883 illam
1178 844 1325 892 emisit,

375 939 438 978 [11]
473 930 581 984 Quae
614 930 838 985 vespertino
872 936 1048 983 tempore
1081 926 1130 967 ad
1163 941 1250 966 eum
1283 925 1417 975 rediit,

472 1013 587 1055 Oleae
625 1012 761 1053 folium
796 1010 938 1060 viride,
982 1009 1091 1067 quod
1129 1008 1394 1066 decerpserat,
1432 1010 1472 1050 in
1503 1017 1634 1050 rostro
1667 1017 1723 1050 te-

811 1089 815 1092 *
938 1108 1047 1135 nens.

376 1190 439 1228 [12]
474 1179 551 1222 Sed
585 1179 660 1219 alio
694 1178 897 1219 intervallo
931 1176 1198 1233 praeterlapso
1230 1178 1345 1217 tertio
1380 1190 1462 1217 eam
1495 1178 1637 1225 emisit,

474 1262 582 1317 Quae
614 1277 696 1303 non
728 1261 894 1318 amplius
928 1260 977 1301 ad
1010 1275 1137 1301 arcam
1170 1260 1272 1301 illam
1305 1259 1431 1300 rediit.

377 1358 438 1393 [ιι]
470 1346 666 1388 Intellexit
704 1347 825 1402 igitur
862 1344 979 1386 Israel
1021 1345 1219 1399 inquietos
1261 1343 1348 1385 illos
1387 1343 1531 1384 fluctus
1569 1342 1725 1385 tandem

941 1427 1131 1469 resedisse
1142 1459 1151 1476 ,

333 1595 355 1637 ¹)
391 1592 556 1627 Columba
576 1592 686 1636 (rm-t)
713 1593 785 1626 sive
812 1593 918 1626 albus
936 1592 1076 1625 nuntius
1098 1590 1235 1625 denotat
1255 1601 1354 1625 veros
1375 1602 1598 1637 quoscunque
1617 1590 1725 1626 Israe—

230 1666 320 1707 litas,
349 1665 406 1710 qui
434 1665 466 1697 in
496 1638 898 1709 terramvtranquillitatis
926 1662 1056 1709 ingredi
1083 1674 1215 1696 summo
1244 1662 1357 1696 studio
1382 1662 1584 1696 nitebantur.
1623 1662 1673 1696 Ita
1694 1664 1726 1696 in

230 1736 331 1770 titulo
351 1737 407 1770 Ps.
427 1735 524 1777 LVI,
552 1734 700 1781 populus
721 1734 951 1768 Israelitarum
971 1733 1048 1767 exul
1067 1738 1208 1767 vocatur
1234 1738 1376 1795 Dalm-m
1396 1720 1488 1792 0¹?ss
1507 1734 1586 1782 3737}
1613 1739 1727 1768 »muta

232 1807 387 1842 columba
412 1812 664 1848 remotorum«;
701 1805 741 1840 cf.
769 1804 882 1840 Psalm
901 1805 1062 1846 LXXIV,
1083 1803 1136 1838 19.
1175 1804 1218 1838 Et
1244 1804 1389 1839 Davides
1417 1806 1486 1850 ipse
1510 1804 1726 1850 tranquillam

233 1879 346 1914 sedem
382 1878 578 1913 desiderans
614 1889 649 1912 se
682 1883 842 1922 tanquam
878 1876 1066 1910 columbam
1102 1875 1141 1909 ad
1176 1881 1323 1911 remotas
1354 1876 1510 1922 regiones
1537 1875 1726 1910 avolantem

233 1950 410 1992 describit3
436 1950 492 1984 Ps.
512 1949 586 1991 LV,
605 1947 637 1991 7,
655 1947 698 1990 8,
724 1948 780 1982 ubi
807 1947 952 1994 legimus
981 1952 1140 2010 ΡἻΠἾζς.

333 2023 359 2065 ²)
396 2021 530 2056 Textus
559 2020 659 2055 habet
684 2023 822 2064 septem
848 2022 927 2054 dies
944 2019 1061 2076 (0³22
1085 2017 1240 2070 nymgj),
1269 2018 1328 2052 sed
1348 2017 1410 2051 boc
1430 2017 1594 2063 significat
1612 2019 1726 2064 potius

233 2092 446 2128 intervallum
467 2093 554 2126 inter
574 2092 640 2126 duo
661 2092 807 2133 sabbata,
832 2092 853 2125 i.
874 2102 899 2125 e.
921 2090 1004 2124 duas
1025 2073 1280 2135 tranquillitatis
1301 2089 1455 2134 epochas,
1483 2101 1581 2134 quam
1601 2095 1727 2134 septem

235 2151 305 2199 (lies
325 2167 522 2209 noctesque.
561 2164 631 2198 Has
650 2163 808 2208 periodos
829 2163 939 2196 variae
959 2161 1191 2195 diuturnitatis
1209 2160 1317 2194 fuisse
1337 2165 1444 2206 patet,
1472 2161 1499 2194 si
1520 2160 1560 2194 ad
1578 2160 1727 2195 ,Iudaeo-

232 2247 307 2270 rum
342 2235 517 2269 historiam
552 2246 621 2268 rem
655 2234 792 2268 referas.
843 2233 926 2267 Nam
960 2232 1174 2267 intervallum
1208 2233 1295 2266 inter
1323 2233 1462 2277 primam
1490 2237 1521 2265 et
1548 2231 1726 2266 secundam

235 2306 409 2341 columbae
437 2305 663 2340 avolationem
692 2309 819 2350 spectat
845 2304 884 2337 ad
912 2309 1044 2349 tempus
1073 2303 1165 2348 quod
1194 2303 1343 2349 elapsum
1372 2308 1422 2337 est
1451 2303 1537 2337 inter
1561 2302 1728 2337 Joshuam

235 2384 267 2412 et
286 2376 495 2419 Samuelem3
522 2376 707 2411 secundum
734 2374 948 2409 intervallum
977 2374 1211 2419 complectitur
1236 2373 1413 2419 periodum
1432 2374 1519 2407 inter
1537 2373 1727 2408 Samuelem

236 2455 268 2484 et
292 2448 473 2490 Davidem,
507 2448 564 2493 qui
598 2448 727 2492 primus
762 2446 923 2492 cogitavit
955 2445 995 2480 de
1031 2444 1155 2490 templo
1181 2444 1332 2478 ,Jehovae
1366 2444 1592 2486 exstruendo,
1626 2450 1658 2479 et
1687 2445 1727 2479 ad

236 2532 335 2566 quem
363 2519 453 2562 olea,
488 2519 653 2553 venientis
680 2518 770 2564 pacis
797 2517 914 2551 nuntia
941 2516 1051 2562 (Virg.
1078 2516 1160 2550 Aen.
1179 2515 1283 2557 VIII,
1306 2514 1382 2549 116.
1417 2514 1521 2560 Soph.
1547 2515 1628 2550 Oed.
1653 2515 1726 2551 Col.

235 2590 315 2625 699.
349 2591 422 2625 Liv.
441 2590 572 2632 XXIV,
592 2588 648 2624 30,
675 2588 697 2624 2
714 2588 858 2624 Maccab.
882 2587 979 2629 XIV,
997 2586 1045 2630 4),
1072 2592 1138 2620 tam
1165 2597 1248 2620 sero
1277 2587 1296 2620 i.
1323 2597 1349 2620 e.
1378 2589 1429 2621 ad
1453 2596 1650 2630 vesperum
1676 2599 1728 2621 re-

236 2667 368 2708 portata
402 2667 470 2704 est3
511 2663 644 2696 tertium
680 2659 894 2695 intervallum
931 2657 1104 2693 descendit
1138 2657 1177 2691 ad
1214 2657 1450 2700 Solomonem,
1484 2670 1599 2692 verum
1632 2657 1727 2692 illum

236 2735 428 2768 Noackum
456 2734 526 2767 sive
547 2734 657 2766 virum
685 2732 858 2777 requietis,
887 2742 954 2776 qno
983 2729 1116 2764 demum
1142 2734 1301 2775 regnante
1321 2729 1460 2763 Davidis
1488 2728 1665 2763 consilium
1687 2729 1727 2763 ad

238 2809 395 2839 eventum
422 2815 521 2838 suum
548 2803 713 2849 perlatum
742 2808 804 2837 est.
843 2802 917 2836 Hoc
936 2801 1174 2847 Fragmentum
1196 2800 1278 2834 adeo
1299 2800 1498 2835 lacunosum
1517 2806 1586 2835 erat
1604 2805 1636 2834 et
1653 2811 1727 2834 cor-

238 2882 393 2922 ruptum,
427 2880 465 2909 ut
497 2875 691 2919 conjectura
726 2875 759 2908 in
784 2884 994 2919 unoquoque
1020 2871 1188 2906 versiculo
1217 2871 1405 2907 adhibenda
1431 2877 1530 2907 esset.
1579 2871 1625 2906 At
1651 2859 1727 2905 {en-

239 2958 313 2982 sum
341 2945 470 2989 saltim,
499 2947 526 2980 si
552 2958 621 2980 non
648 2945 766 2988 verba,
793 2944 874 2979 mihi
902 2944 1093 2979 restituisse
1119 2942 1248 2978 videor.
