1867 3301
77 329 149 357 Gen.
161 329 198 365 ll,
213 327 248 354 15
260 345 270 350 -
282 328 327 353 18.

265 368 328 402 [15]

268 597 328 631 [16]

268 763 329 797 [17]

268 929 329 963 [18]

268 1178 330 1214 [25]

89 1322 221 1360 Gen.111,
236 1324 249 1349 1
261 1341 272 1346 -
283 1322 330 1348 19.

288 1363 331 1397 [1]

288 1843 329 1879 [2]

290 2012 331 2046 [3]

290 2261 331 2296 [4]

290 2428 330 2462 [5]

291 2762 331 2796 [6]

361 338 473 380 Tulit
504 352 597 394 ergo
629 336 783 378 Jehova
814 335 920 376 Deus
954 336 1171 384 hominem,

361 420 412 463 Et
443 420 532 462 fecit
565 434 651 461 eum
683 421 925 476 requiescere
958 421 996 459 in
1030 419 1149 459 horto
1183 417 1428 465 deliciarum,

362 501 414 545 Ut
445 502 641 544 laboraret
672 510 709 543 et
742 501 959 543 custodiret
990 515 1091 542 eum.

361 585 642 642 Praecepitque
673 584 826 626 Jehova
858 584 964 626 Deus
996 584 1147 625 homini
1181 582 1333 623 dicens:

364 668 450 710 »Ex
483 670 588 709 omni
621 668 760 710 arbore
793 668 899 709 horti
933 666 1050 709 edens
1085 665 1285 715 comedes,

363 751 443 795 Sed
459 751 504 793 de
522 750 662 793 arbore
681 752 917 808 cognitionis
931 749 1131 791 honorum
1149 763 1192 790 ac
1206 748 1398 790 malorum
1413 763 1494 788 non
1509 747 1612 789 edes.

361 834 460 876 Nam
492 835 727 892 simulatque
760 822 884 876 ederis
919 848 969 875 ex
999 833 1083 883 illa,
1117 834 1289 874 moriens
1323 833 1564 873 emoriens«

364 919 468 960 Tum
502 917 604 959 dixit
633 917 787 959 Jehova
818 917 945 959 Deus:

364 1001 479 1043 »Non
512 1010 571 1043 est
602 1000 851 1042 commodum
871 985 968 1041 ⁸esse
1000 999 1199 1041 hominem
1233 998 1384 1048 solum3

362 1084 605 1141 Adjutricem
639 1086 713 1141 ipsi
746 1083 909 1125 similem
942 1085 975 1124 ei
1009 1081 1190 1124 creab0.«

362 1167 487 1209 Erant
517 1175 646 1209 autem
678 1166 793 1208 ambo
827 1167 943 1217 nudi,
978 1167 1098 1208 homo
1131 1166 1348 1222 mulierque
1381 1179 1471 1214 sua,

362 1250 418 1292 At
448 1265 515 1291 eos
547 1265 626 1291 non
659 1249 847 1306 pudebat.

363 1332 443 1375 Sed
474 1348 634 1390 serpens
668 1341 752 1374 erat
782 1332 913 1374 nudus

361 1416 405 1458 In
437 1416 619 1457 omnibus
652 1415 915 1457 animantibus
948 1424 1093 1464 terrae,

364 1499 473 1553 Quot
502 1499 656 1541 Jehova
686 1499 793 1541 Deus
826 1498 981 1540 fecerat.

362 1584 496 1640 Itaque
527 1585 560 1624 is
594 1582 696 1624 dixit
725 1583 900 1624 mulieri:

365 1666 495 1708 »Itane
528 1681 621 1708 vero
657 1665 801 1707 dixerit
829 1665 958 1707 Deus:

361 1749 465 1805 Non?
484 1749 605 1792 edetis
639 1749 686 1791 de
719 1751 825 1791 omni
858 1749 998 1792 arbore
1030 1748 1193 1791 horti?«

365 1832 439 1877 Cui
470 1833 676 1890 respondit
706 1833 863 1875 mulier:

365 1917 449 1959 »De
481 1917 612 1959 fructu
644 1917 852 1967 arborum,
887 1925 988 1974 quot
1019 1924 1112 1958 sunt
1143 1918 1182 1957 in
1214 1915 1355 1964 horto,
1393 1916 1605 1964 vescimur3

363 2001 421 2042 De
453 1999 585 2042 fructu
616 2016 709 2042 vero
743 2000 916 2050 arboris,
952 2015 1051 2056 quae
1084 2007 1143 2040 est
1174 2001 1214 2040 in
1245 1997 1374 2039 medio
1408 1997 1546 2047 horto,

365 2084 570 2140 Praecepit
600 2082 715 2125 nobis
738 2082 864 2132 Deus,
900 2098 948 2124 ne
981 2082 1140 2124 edamus
1163 2096 1239 2123 neu
1264 2090 1471 2138 tangamus
1492 2081 1613 2131 illum,

972 2175 1018 2207 ut
1049 2181 1096 2207 ne
1128 2167 1354 2207 moriamur.
1366 2180 1383 2199 «

364 2250 476 2292 Dixit
507 2258 636 2291 autem
668 2264 827 2305 serpens
860 2249 1030 2291 mulieri:

366 2332 709 2390 »Haudquaquam
739 2334 951 2374 morientes
984 2334 1237 2374 emoriemini.

366 2416 449 2459 Scit
481 2425 618 2458 contra
649 2416 777 2466 Deus,
813 2417 1048 2473 simulatque
1081 2417 1237 2458 ederitis
1271 2431 1321 2457 ex
1353 2430 1414 2464 ea,

366 2499 511 2543 Oculos
545 2509 697 2542 vestros
730 2509 908 2557 apertum
940 2502 1006 2549 iri,

363 2584 528 2640 Vosque
560 2583 736 2633 futuros,
771 2586 873 2625 sicut
904 2584 1050 2633 Deum,

365 2666 540 2709 Scientes
572 2667 679 2708 bona
710 2681 754 2709 ac
784 2667 924 2708 malm«

363 2751 475 2792 Vidit
506 2752 626 2808 igitur
659 2751 796 2792 mulier
820 2750 999 2792 arborem
1025 2765 1109 2791 esse
1131 2750 1276 2792 bonam
1298 2749 1348 2791 ad
1373 2750 1614 2799 vescendam,

364 2833 539 2891 Eamque
572 2849 655 2876 esse
688 2835 811 2876 oculis
845 2833 1127 2884 delectabilem,

364 2917 415 2959 Et
441 2918 679 2974 jucundam,
713 2927 759 2960 ut
790 2932 889 2975 quae
922 2920 1186 2975 coguitionem
1217 2926 1455 2975 praestaret3
