1867 3301
797 207 892 255 261

485 419 538 463 IN
578 419 830 463 DEBORAE
873 419 1206 464 OVATIONEM.

215 601 280 643 Ad
311 600 492 642 Deborae
534 601 723 657 hymnum
765 600 1042 657 triumphalem
1080 600 1264 643 accedens
1297 601 1452 659 gaudeo
1486 603 1597 659 quod

97 685 238 727 abhinc
278 686 590 741 quinquennium
639 684 738 726 hanc
779 684 1042 725 difficillimam
1085 684 1161 726 fere
1199 688 1323 727 totius
1366 684 1596 743 Scripturae

95 771 307 826 pericopen
338 771 392 809 ita
424 770 609 817 tractavi,
644 770 713 808 vix
738 750 784 808 ut
805 768 1020 824 quidquam
1042 769 1137 809 mihi
1159 767 1305 810 laboris
1329 784 1372 810 ac
1393 770 1595 812 molestiae

96 852 375 894 exantlandum
407 854 580 908 supersit
612 849 843 904 (praelectio
867 851 1113 908 Philologica
1144 854 1185 892 in
1217 852 1362 894 scholis
1387 851 1595 895 Cantabri-

94 935 295 994 giensibus
328 934 462 976 habita
493 950 527 976 a.
552 935 589 976 d.
612 934 679 976 IV.
702 935 757 975 Id.
784 934 945 977 Octobr.
968 934 1321 978 MDCCCXLVHI
1343 936 1389 977 de
1411 936 1594 979 Deborae

96 1022 245 1061 cantico
277 1018 519 1075 triumphali.
560 1017 746 1060 Cantabr.
770 1016 1150 1072 MDCCCXLVHI).
1191 1018 1271 1061 Nec
1301 1028 1456 1076 praeter
1488 1035 1595 1062 com-

94 1104 325 1152 mentarios,
373 1117 474 1159 quos
514 1110 609 1143 tunc
647 1104 915 1158 inspexeram,
964 1102 1088 1143 ullum
1127 1102 1232 1160 frugi
1271 1103 1399 1145 bonae
1441 1104 1594 1147 addita·-

93 1195 266 1228 mentum
305 1186 401 1226 mihi
442 1185 599 1242 quidem
632 1188 826 1236 innotuit,
870 1188 945 1227 nisi
978 1188 1149 1242 excipias
1183 1201 1226 1228 ea
1258 1201 1358 1243 quae
1390 1187 1593 1230 Johannes

94 1269 140 1311 de
159 1269 364 1326 Gumpach
382 1266 702 1322 (Alttestamentl.
715 1268 896 1319 Studien,
915 1269 1152 1327 Heidelberg
1168 1268 1294 1313 1852.
1317 1286 1385 1327 pp.
1401 1269 1420 1313 1
1434 1269 1591 1326 —140)

93 1353 316 1410 diligentius
350 1367 467 1409 quam
499 1355 664 1410 peritius
698 1353 895 1395 disseruit.
948 1352 1048 1395 Nam
1082 1368 1203 1411 quum
1236 1354 1385 1415 multas*
1410 1355 1593 1397 emenda-

91 1439 218 1478 tiones
250 1439 476 1486 tentaverit,
518 1437 634 1494 plura
666 1439 844 1494 corrupit
877 1452 994 1494 quam
1026 1440 1218 1487 correxit,
1259 1452 1331 1479 nec
1361 1440 1592 1481 universum

93 1523 229 1562 cantici
262 1535 419 1562 sensum
450 1520 588 1562 melius
620 1529 823 1562 assecutus
858 1529 928 1570 est,
964 1536 1080 1578 quam
1102 1523 1129 1562 ii
1152 1524 1220 1579 qui
1241 1532 1535 1578 praecesserant
1548 1519 1589 1577 ¹).

209 1604 446 1661 Priusquam
480 1604 529 1645 ad
560 1606 924 1661 interpretationem
956 1604 1172 1646 difficillimi
1203 1605 1325 1662 hujus
1350 1604 1501 1649 Cantici
1528 1622 1591 1648 ac-

92 1688 243 1738 cedam,
277 1688 458 1729 nonnihil
492 1688 774 1745 disputandum
807 1688 965 1729 videtur
997 1687 1044 1729 de
1075 1687 1194 1730 rebus
1226 1691 1369 1746 gestis,
1403 1705 1503 1747 quae
1534 1690 1590 1733 ihi

90 1781 464 1822 commemorantur,
506 1772 552 1814 de
591 1771 751 1814 Debora
790 1774 896 1829 ipsa,
939 1771 985 1813 de
1025 1771 1179 1822 indole,
1225 1772 1506 1830 dispositione,
1551 1783 1590 1816 et

90 1856 253 1898 consilio
285 1857 490 1912 poematis.
544 1855 632 1910 Quo
666 1855 782 1905 facto,
812 1855 867 1896 -ad
899 1856 1054 1912 singula
1086 1855 1293 1897 enodanda
1324 1857 1461 1899 melius
1493 1873 1589 1915 pro-

90 1939 324 1998 grediemur.

206 2024 232 2064 1.
273 2024 317 2064 In
349 2025 474 2079 capite
508 2025 638 2064 statim
671 2022 921 2065 antecedente
950 2024 1128 2080 legimus,
1162 2023 1359 2074 Jabinum,
1394 2023 1588 2067 Canaani-

88 2116 216 2149 tarum
248 2122 397 2164 regem,
443 2108 510 2163 qui
544 2105 741 2148 Chatzore
774 2107 904 2149 sedem
937 2122 1047 2149 suam
1079 2110 1226 2165 regiam
1258 2107 1439 2159 haberet,
1473 2111 1586 2166 cujus

88 2206 181 2233 vero
222 2191 307 2232 dux
346 2190 457 2233 Sisra
496 2190 692 2231 habitaret
725 2189 1022 2233 Charoshethae
1053 2190 1290 2241 Nationum,
1332 2192 1587 2235 durissimum

87 2277 188 2316 inter
217 2275 410 2316 Israelitas
442 2275 768 2330 septentrionales
799 2277 1005 2331 imperium
1041 2290 1113 2332 per
1143 2277 1284 2332 viginti
1316 2291 1440 2318 annos
1473 2292 1587 2319 exer-

87 2360 232 2408 cuisse,
277 2357 402 2400 donec
433 2358 661 2415 Baraquus,
696 2373 746 2400 ex
779 2358 961 2413 Qedasha
992 2352 1359 2416 Naphthalitarum,
1401 2361 1585 2403 hortante

189 2494 212 2537 ¹)
245 2494 403 2528 Hominis
438 2499 528 2528 esset
553 2492 651 2528 valde
685 2494 786 2528 otiosi
822 2495 933 2528 omnia
959 2494 1133 2541 perlegere
1160 2506 1245 2540 quae
1273 2494 1313 2529 de
1340 2495 1403 2529 hoc
1430 2495 1584 2532 Carmine

88 2560 277 2605 conscripta
303 2565 392 2594 sunt.
425 2559 574 2593 Strictim
604 2560 738 2605 quidem
766 2561 897 2605 inspexi
924 2559 1000 2593 Poli
1027 2565 1060 2593 et
1085 2560 1358 2595 Rosenmuelleri
1385 2561 1582 2609 farragines,

89 2635 174 2670 quae
206 2624 333 2659 nullam
366 2624 435 2659 fere
468 2630 543 2659 ante
577 2625 699 2659 editam
733 2626 1050 2659 commentationem
1084 2625 1245 2659 illibatam
1273 2626 1502 2673 reliquerunt:
1541 2629 1583 2663 ad

87 2701 222 2724 manum
248 2689 349 2724 habui
375 2691 521 2724 criticam
547 2690 660 2725 Dathii
685 2692 889 2732 versionem,
915 2696 1016 2736 atque
1042 2691 1338 2736 interpretationes
1362 2693 1399 2726 G.
1418 2693 1461 2728 H.
1480 2694 1583 2729 Holl-

88 2756 199 2789 manni
225 2754 356 2797 (Halae,
375 2753 481 2799 1818)
509 2761 541 2790 et
565 2757 609 2790 H.
636 2757 679 2791 Π.
706 2757 863 2790 Keminki
890 2756 1002 2800 (Traj.
1026 2756 1068 2790 ad
1086 2755 1338 2802 Rhen.1840);
1363 2770 1473 2805 neque
1500 2760 1581 2794 mihi

87 2822 202 2868 ignota
235 2825 346 2862 erant,
380 2832 465 2866 quae
499 2827 744 2857 commentatus
781 2827 832 2856 est
857 2822 899 2855 H.
926 2821 1046 2856 Ewald
1079 2823 1111 2856 in
1144 2822 1232 2857 libro
1265 2825 1316 2858 cui
1344 2824 1483 2859 titulus:
1519 2825 1580 2860 Die

85 2886 282 2932 poetischen
301 2885 433 2920 Bticher
459 2886 518 2921 des
536 2887 636 2922 Alten
654 2887 793 2922 Bundes
821 2887 1028 2935 (Gottingae,
1053 2886 1156 2930 1839,
1180 2888 1260 2923 Vol.
1281 2888 1307 2930 1,
1334 2901 1366 2935 p.
1384 2889 1476 2935 125).
1511 2890 1580 2926 Sed

85 2950 213 2988 frustra
238 2951 365 2998 ubique
392 2953 545 2998 quaesivi
569 2951 701 2999 plenam
728 2965 763 2988 ac
789 2965 901 2989 veram
928 2952 1031 2998 hujus
1058 2952 1205 3001 Capituli
1232 2956 1401 3002 exegesin.
