<?xml version="1.0" encoding="UTF-8"?>
<!DOCTYPE html PUBLIC "-//W3C//DTD XHTML 1.0 Transitional//EN"
    "http://www.w3.org/TR/xhtml1/DTD/xhtml1-transitional.dtd">
<html xmlns="http://www.w3.org/1999/xhtml" xml:lang="en" lang="en">
 <head>
  <title>
</title>
<meta http-equiv="Content-Type" content="text/html;charset=utf-8" />
  <meta name='ocr-system' content='tesseract 3.04.00' />
  <meta name='ocr-capabilities' content='ocr_page ocr_carea ocr_par ocr_line ocrx_word'/>
</head>
<body>
  <div class='ocr_page' id='page_1' title='image "./jasharfragmentaa00dona_0246.png"; bbox 0 0 1867 3301; ppageno 0'>
   <div class='ocr_carea' id='block_1_1' title="bbox 943 191 1039 238">
    <p class='ocr_par' dir='ltr' id='par_1_1' title="bbox 943 191 1039 238">
     <span class='ocr_line' id='line_1_1' title="bbox 943 191 1039 238; baseline 0.031 -3"><span class='ocrx_word' id='word_1_1' title='bbox 943 191 1039 238; x_wconf 80' lang='lat'><strong>172</strong></span> 
     </span>
    </p>
   </div>
   <div class='ocr_carea' id='block_1_2' title="bbox 572 381 1413 429">
    <p class='ocr_par' dir='ltr' id='par_1_2' title="bbox 572 381 1413 429">
     <span class='ocr_line' id='line_1_2' title="bbox 572 381 1413 429; baseline 0.004 -4"><span class='ocrx_word' id='word_1_2' title='bbox 572 382 627 427; x_wconf 88' lang='lat' dir='ltr'><strong>IN</strong></span> <span class='ocrx_word' id='word_1_3' title='bbox 665 381 1062 427; x_wconf 80' lang='lat' dir='ltr'><strong>FRAGMENTUM</strong></span> <span class='ocrx_word' id='word_1_4' title='bbox 1101 382 1413 429; x_wconf 84' lang='lat' dir='ltr'><strong>SECUNDUM.</strong></span> 
     </span>
    </p>
   </div>
   <div class='ocr_carea' id='block_1_3' title="bbox 242 498 1734 892">
    <p class='ocr_par' dir='ltr' id='par_1_3' title="bbox 242 498 1734 892">
     <span class='ocr_line' id='line_1_3' title="bbox 359 498 1731 555; baseline 0.003 -15"><span class='ocrx_word' id='word_1_5' title='bbox 359 498 520 540; x_wconf 84' lang='lat' dir='ltr'><strong>Rationi</strong></span> <span class='ocrx_word' id='word_1_6' title='bbox 548 506 849 540; x_wconf 88' lang='lat' dir='ltr'><strong>consentaneum</strong></span> <span class='ocrx_word' id='word_1_7' title='bbox 877 508 978 541; x_wconf 89' lang='lat' dir='ltr'><strong>esset</strong></span> <span class='ocrx_word' id='word_1_8' title='bbox 1001 508 1226 555; x_wconf 75' lang='lat' dir='ltr'><strong>exspectare</strong></span> <span class='ocrx_word' id='word_1_9' title='bbox 1249 499 1436 542; x_wconf 81' lang='lat' dir='ltr'><strong>editorem</strong></span> <span class='ocrx_word' id='word_1_10' title='bbox 1458 499 1731 553; x_wconf 87' lang='lat' dir='ltr'><strong>Jasharanum,</strong></span> 
     </span>
     <span class='ocr_line' id='line_1_4' title="bbox 242 582 1734 640; baseline 0.003 -17"><span class='ocrx_word' id='word_1_11' title='bbox 242 591 453 640; x_wconf 84' lang='lat' dir='ltr'>postquam</span> <span class='ocrx_word' id='word_1_12' title='bbox 493 584 687 639; x_wconf 83' lang='lat' dir='ltr'><strong>ipsissima</strong></span> <span class='ocrx_word' id='word_1_13' title='bbox 721 582 873 624; x_wconf 84' lang='lat' dir='ltr'><strong>divinae</strong></span> <span class='ocrx_word' id='word_1_14' title='bbox 914 583 1008 639; x_wconf 83' lang='lat' dir='ltr'><strong>legis</strong></span> <span class='ocrx_word' id='word_1_15' title='bbox 1047 583 1167 625; x_wconf 84' lang='lat' dir='ltr'><strong>verba</strong></span> <span class='ocrx_word' id='word_1_16' title='bbox 1205 585 1425 634; x_wconf 72' lang='lat' dir='ltr'><strong>recitasset,</strong></span> <span class='ocrx_word' id='word_1_17' title='bbox 1466 583 1734 640; x_wconf 85' lang='lat' dir='ltr'><strong>subjecturum</strong></span> 
     </span>
     <span class='ocr_line' id='line_1_5' title="bbox 243 666 1734 724; baseline 0.001 -16"><span class='ocrx_word' id='word_1_18' title='bbox 243 666 361 708; x_wconf 79' lang='lat' dir='ltr'><strong>fuisse</strong></span> <span class='ocrx_word' id='word_1_19' title='bbox 394 666 562 723; x_wconf 86' lang='lat' dir='ltr'><strong>aliquam</strong></span> <span class='ocrx_word' id='word_1_20' title='bbox 595 666 895 722; x_wconf 78' lang='lat' dir='ltr'><strong>explicationem</strong></span> <span class='ocrx_word' id='word_1_21' title='bbox 929 682 1027 724; x_wconf 90' lang='lat' dir='ltr'><strong>quae</strong></span> <span class='ocrx_word' id='word_1_22' title='bbox 1059 666 1265 709; x_wconf 84' lang='lat' dir='ltr'><strong>medullam</strong></span> <span class='ocrx_word' id='word_1_23' title='bbox 1289 668 1348 709; x_wconf 84' lang='lat' dir='ltr'><strong>vel</strong></span> <span class='ocrx_word' id='word_1_24' title='bbox 1372 670 1592 710; x_wconf 86' lang='lat' dir='ltr'><strong>interiorem</strong></span> <span class='ocrx_word' id='word_1_25' title='bbox 1619 669 1734 711; x_wconf 87' lang='lat' dir='ltr'><strong>tabu-</strong></span> 
     </span>
     <span class='ocr_line' id='line_1_6' title="bbox 242 750 1731 812; baseline 0.002 -20"><span class='ocrx_word' id='word_1_26' title='bbox 242 752 367 792; x_wconf 90' lang='lat' dir='ltr'><strong>larum</strong></span> <span class='ocrx_word' id='word_1_27' title='bbox 388 750 630 792; x_wconf 86' lang='lat' dir='ltr'><strong>voluntatem</strong></span> <span class='ocrx_word' id='word_1_28' title='bbox 662 753 849 807; x_wconf 81' lang='lat' dir='ltr'><strong>aperiret3</strong></span> <span class='ocrx_word' id='word_1_29' title='bbox 883 759 921 792; x_wconf 88' lang='lat' dir='ltr'><strong>et</strong></span> <span class='ocrx_word' id='word_1_30' title='bbox 950 759 1149 808; x_wconf 90' lang='lat' dir='ltr'><strong>praeterea</strong></span> <span class='ocrx_word' id='word_1_31' title='bbox 1175 751 1470 812; x_wconf 74' lang='lat' dir='ltr'><strong>exhortationes</strong></span> <span class='ocrx_word' id='word_1_32' title='bbox 1493 752 1731 804; x_wconf 89' lang='lat' dir='ltr'><strong>additurum,</strong></span> 
     </span>
     <span class='ocr_line' id='line_1_7' title="bbox 245 834 1733 892; baseline 0.003 -17"><span class='ocrx_word' id='word_1_33' title='bbox 245 850 343 892; x_wconf 84' lang='lat' dir='ltr'><strong>quae</strong></span> <span class='ocrx_word' id='word_1_34' title='bbox 364 834 546 876; x_wconf 83' lang='lat' dir='ltr'><strong>Israelitis</strong></span> <span class='ocrx_word' id='word_1_35' title='bbox 580 836 618 875; x_wconf 90' lang='lat' dir='ltr'><strong>in</strong></span> <span class='ocrx_word' id='word_1_36' title='bbox 650 837 876 876; x_wconf 86' lang='lat' dir='ltr'><strong>memoriam</strong></span> <span class='ocrx_word' id='word_1_37' title='bbox 908 834 1129 891; x_wconf 82' lang='lat' dir='ltr'><strong>redigerent</strong></span> <span class='ocrx_word' id='word_1_38' title='bbox 1161 851 1182 876; x_wconf 90' lang='lat' dir='ltr'><strong>a</strong></span> <span class='ocrx_word' id='word_1_39' title='bbox 1214 844 1360 892; x_wconf 86' lang='lat' dir='ltr'><strong>quanta</strong></span> <span class='ocrx_word' id='word_1_40' title='bbox 1391 851 1457 877; x_wconf 90' lang='lat' dir='ltr'><strong>eos</strong></span> <span class='ocrx_word' id='word_1_41' title='bbox 1481 839 1667 878; x_wconf 89' lang='lat' dir='ltr'><strong>servitute</strong></span> <span class='ocrx_word' id='word_1_42' title='bbox 1693 839 1733 879; x_wconf 89' lang='lat' dir='ltr'><strong>in</strong></span> 
     </span>
    </p>
   </div>
   <div class='ocr_carea' id='block_1_4' title="bbox 244 917 1747 976">
    <p class='ocr_par' dir='ltr' id='par_1_4' title="bbox 244 917 1747 976">
     <span class='ocr_line' id='line_1_8' title="bbox 244 917 1747 976; baseline 0.001 -16"><span class='ocrx_word' id='word_1_43' title='bbox 244 927 428 976; x_wconf 89' lang='lat' dir='ltr'><strong>quantam</strong></span> <span class='ocrx_word' id='word_1_44' title='bbox 467 917 686 959; x_wconf 79' lang='lat' dir='ltr'><strong>felicitatem</strong></span> <span class='ocrx_word' id='word_1_45' title='bbox 719 917 871 959; x_wconf 87' lang='lat' dir='ltr'><strong>Jehova</strong></span> <span class='ocrx_word' id='word_1_46' title='bbox 911 919 1148 961; x_wconf 82' lang='lat' dir='ltr'><strong>sustulisset.</strong></span> <span class='ocrx_word' id='word_1_47' title='bbox 1210 919 1253 960; x_wconf 88' lang='lat' dir='ltr'><strong>Id</strong></span> <span class='ocrx_word' id='word_1_48' title='bbox 1292 934 1379 960; x_wconf 86' lang='lat' dir='ltr'><strong>eum</strong></span> <span class='ocrx_word' id='word_1_49' title='bbox 1416 919 1552 961; x_wconf 88' lang='lat' dir='ltr'><strong>secisse</strong></span> <span class='ocrx_word' id='word_1_50' title='bbox 1583 920 1747 963; x_wconf 84' lang='lat' dir='ltr'><strong>videbi-·</strong></span> 
     </span>
    </p>
   </div>
   <div class='ocr_carea' id='block_1_5' title="bbox 242 1002 1797 1059">
    <p class='ocr_par' dir='ltr' id='par_1_5' title="bbox 242 1002 1797 1059">
     <span class='ocr_line' id='line_1_9' title="bbox 242 1002 1797 1059; baseline 0.001 -15"><span class='ocrx_word' id='word_1_51' title='bbox 242 1019 348 1053; x_wconf 89' lang='lat' dir='ltr'><strong>mus,</strong></span> <span class='ocrx_word' id='word_1_52' title='bbox 398 1004 430 1044; x_wconf 86' lang='lat' dir='ltr'><strong>si</strong></span> <span class='ocrx_word' id='word_1_53' title='bbox 475 1002 697 1043; x_wconf 87' lang='lat' dir='ltr'><strong>ductionem</strong></span> <span class='ocrx_word' id='word_1_54' title='bbox 738 1002 1059 1044; x_wconf 83' lang='lat' dir='ltr'><strong>Deuteronomici</strong></span> <span class='ocrx_word' id='word_1_55' title='bbox 1099 1011 1304 1059; x_wconf 84' lang='lat' dir='ltr'><strong>sequentes</strong></span> <span class='ocrx_word' id='word_1_56' title='bbox 1347 1003 1576 1045; x_wconf 79' lang='lat' dir='ltr'><strong>adhibemus</strong></span> <span class='ocrx_word' id='word_1_57' title='bbox 1619 1007 1733 1047; x_wconf 89' lang='lat' dir='ltr'><strong>etiam</strong></span> <span class='ocrx_word' id='word_1_58' title='bbox 1793 1017 1797 1022; x_wconf 79' lang='grc'><em>·</em></span> 
     </span>
    </p>
   </div>
   <div class='ocr_carea' id='block_1_6' title="bbox 240 1086 1733 2905">
    <p class='ocr_par' dir='ltr' id='par_1_6' title="bbox 240 1086 1733 1969">
     <span class='ocr_line' id='line_1_10' title="bbox 242 1086 1732 1143; baseline 0.001 -14"><span class='ocrx_word' id='word_1_59' title='bbox 242 1096 359 1129; x_wconf 88' lang='lat' dir='ltr'><strong>testes</strong></span> <span class='ocrx_word' id='word_1_60' title='bbox 393 1101 459 1128; x_wconf 89' lang='lat' dir='ltr'><strong>eos</strong></span> <span class='ocrx_word' id='word_1_61' title='bbox 494 1101 594 1143; x_wconf 88' lang='lat' dir='ltr'><strong>quos</strong></span> <span class='ocrx_word' id='word_1_62' title='bbox 628 1088 763 1136; x_wconf 85' lang='lat' dir='ltr'><strong>citavi,</strong></span> <span class='ocrx_word' id='word_1_63' title='bbox 797 1086 967 1128; x_wconf 85' lang='lat' dir='ltr'><strong>Micham</strong></span> <span class='ocrx_word' id='word_1_64' title='bbox 999 1087 1234 1143; x_wconf 85' lang='lat' dir='ltr'><strong>prophetam</strong></span> <span class='ocrx_word' id='word_1_65' title='bbox 1260 1095 1297 1128; x_wconf 87' lang='lat' dir='ltr'><strong>et</strong></span> <span class='ocrx_word' id='word_1_66' title='bbox 1318 1086 1530 1129; x_wconf 89' lang='lat' dir='ltr'><strong>Dominum</strong></span> <span class='ocrx_word' id='word_1_67' title='bbox 1552 1096 1732 1131; x_wconf 88' lang='lat' dir='ltr'><strong>nostrum</strong></span> 
     </span>
     <span class='ocr_line' id='line_1_11' title="bbox 244 1169 1732 1229; baseline 0 -16"><span class='ocrx_word' id='word_1_68' title='bbox 244 1174 280 1213; x_wconf 88' lang='lat' dir='ltr'><strong>in</strong></span> <span class='ocrx_word' id='word_1_69' title='bbox 321 1169 435 1213; x_wconf 85' lang='lat' dir='ltr'><strong>Novo</strong></span> <span class='ocrx_word' id='word_1_70' title='bbox 479 1170 731 1211; x_wconf 85' lang='lat' dir='ltr'><strong>Testamento</strong></span> <span class='ocrx_word' id='word_1_71' title='bbox 771 1170 1070 1227; x_wconf 81' lang='lat' dir='ltr'><strong>praedicantem.</strong></span> <span class='ocrx_word' id='word_1_72' title='bbox 1134 1170 1267 1228; x_wconf 88' lang='lat' dir='ltr'><strong>Atque</strong></span> <span class='ocrx_word' id='word_1_73' title='bbox 1306 1171 1382 1212; x_wconf 91' lang='grc'><strong>1100</strong></span> <span class='ocrx_word' id='word_1_74' title='bbox 1414 1171 1598 1229; x_wconf 90' lang='lat' dir='ltr'><strong>Decalogi</strong></span> <span class='ocrx_word' id='word_1_75' title='bbox 1638 1187 1732 1229; x_wconf 90' lang='lat' dir='ltr'><strong>sup-</strong></span> 
     </span>
     <span class='ocr_line' id='line_1_12' title="bbox 242 1254 1733 1312; baseline 0.003 -18"><span class='ocrx_word' id='word_1_76' title='bbox 242 1256 479 1312; x_wconf 83' lang='lat' dir='ltr'><strong>plementum</strong></span> <span class='ocrx_word' id='word_1_77' title='bbox 510 1256 550 1295; x_wconf 91' lang='lat' dir='ltr'><strong>in</strong></span> <span class='ocrx_word' id='word_1_78' title='bbox 584 1254 662 1296; x_wconf 90' lang='lat' dir='ltr'><strong>duo</strong></span> <span class='ocrx_word' id='word_1_79' title='bbox 696 1254 929 1311; x_wconf 82' lang='lat' dir='ltr'><strong>Fragmenta</strong></span> <span class='ocrx_word' id='word_1_80' title='bbox 964 1254 1165 1305; x_wconf 83' lang='lat' dir='ltr'><strong>distribui,</strong></span> <span class='ocrx_word' id='word_1_81' title='bbox 1206 1264 1415 1311; x_wconf 86' lang='lat' dir='ltr'><strong>propterea</strong></span> <span class='ocrx_word' id='word_1_82' title='bbox 1447 1255 1557 1312; x_wconf 88' lang='lat' dir='ltr'><strong>quod</strong></span> <span class='ocrx_word' id='word_1_83' title='bbox 1588 1256 1733 1298; x_wconf 75' lang='lat' dir='ltr'><strong>exhor-</strong></span> 
     </span>
     <span class='ocr_line' id='line_1_13' title="bbox 242 1338 1732 1396; baseline 0.001 -16"><span class='ocrx_word' id='word_1_84' title='bbox 242 1342 409 1381; x_wconf 86' lang='lat' dir='ltr'><strong>tationes</strong></span> <span class='ocrx_word' id='word_1_85' title='bbox 449 1340 545 1380; x_wconf 85' lang='lat' dir='ltr'><strong>istae</strong></span> <span class='ocrx_word' id='word_1_86' title='bbox 585 1338 820 1395; x_wconf 76' lang='lat' dir='ltr'><strong>singularem</strong></span> <span class='ocrx_word' id='word_1_87' title='bbox 862 1339 1057 1395; x_wconf 84' lang='lat' dir='ltr'><strong>quandam</strong></span> <span class='ocrx_word' id='word_1_88' title='bbox 1097 1341 1306 1381; x_wconf 87' lang='lat' dir='ltr'><strong>sectionem</strong></span> <span class='ocrx_word' id='word_1_89' title='bbox 1346 1338 1536 1388; x_wconf 83' lang='lat' dir='ltr'><strong>efficiunt,</strong></span> <span class='ocrx_word' id='word_1_90' title='bbox 1578 1341 1618 1381; x_wconf 89' lang='lat' dir='ltr'><strong>in</strong></span> <span class='ocrx_word' id='word_1_91' title='bbox 1655 1355 1732 1396; x_wconf 89' lang='lat' dir='ltr'><strong>qua</strong></span> 
     </span>
     <span class='ocr_line' id='line_1_14' title="bbox 243 1422 1731 1480; baseline 0.001 -16"><span class='ocrx_word' id='word_1_92' title='bbox 243 1425 373 1465; x_wconf 88' lang='lat' dir='ltr'><strong>omnia</strong></span> <span class='ocrx_word' id='word_1_93' title='bbox 412 1422 640 1473; x_wconf 85' lang='lat' dir='ltr'><strong>cohaerent,</strong></span> <span class='ocrx_word' id='word_1_94' title='bbox 683 1438 732 1464; x_wconf 76' lang='lat' dir='ltr'><strong>ex</strong></span> <span class='ocrx_word' id='word_1_95' title='bbox 775 1437 852 1479; x_wconf 87' lang='lat' dir='ltr'><strong>qua</strong></span> <span class='ocrx_word' id='word_1_96' title='bbox 892 1438 1013 1480; x_wconf 85' lang='lat' dir='ltr'><strong>quum</strong></span> <span class='ocrx_word' id='word_1_97' title='bbox 1055 1425 1270 1480; x_wconf 85' lang='lat' dir='ltr'><strong>sospitator</strong></span> <span class='ocrx_word' id='word_1_98' title='bbox 1301 1431 1379 1464; x_wconf 86' lang='lat' dir='ltr'><strong>tres</strong></span> <span class='ocrx_word' id='word_1_99' title='bbox 1412 1423 1494 1464; x_wconf 91' lang='lat' dir='ltr'><strong>illas</strong></span> <span class='ocrx_word' id='word_1_100' title='bbox 1529 1426 1731 1465; x_wconf 86' lang='lat' dir='ltr'><strong>citationes</strong></span> 
     </span>
     <span class='ocr_line' id='line_1_15' title="bbox 242 1505 1733 1565; baseline 0.001 -16"><span class='ocrx_word' id='word_1_101' title='bbox 242 1508 417 1549; x_wconf 81' lang='lat' dir='ltr'><strong>hauserit</strong></span> <span class='ocrx_word' id='word_1_102' title='bbox 448 1506 592 1564; x_wconf 88' lang='lat' dir='ltr'><strong>quibus</strong></span> <span class='ocrx_word' id='word_1_103' title='bbox 632 1507 926 1548; x_wconf 85' lang='lat' dir='ltr'><strong>sollicitationes</strong></span> <span class='ocrx_word' id='word_1_104' title='bbox 967 1509 1113 1565; x_wconf 86' lang='lat' dir='ltr'><strong>peccati</strong></span> <span class='ocrx_word' id='word_1_105' title='bbox 1154 1505 1392 1557; x_wconf 79' lang='lat' dir='ltr'><strong>confutavit,</strong></span> <span class='ocrx_word' id='word_1_106' title='bbox 1435 1508 1642 1549; x_wconf 78' lang='lat' dir='ltr'><strong>verisimile</strong></span> <span class='ocrx_word' id='word_1_107' title='bbox 1675 1516 1733 1550; x_wconf 88' lang='lat' dir='ltr'><strong>est</strong></span> 
     </span>
     <span class='ocr_line' id='line_1_16' title="bbox 243 1587 1730 1648; baseline 0.001 -16"><span class='ocrx_word' id='word_1_108' title='bbox 243 1592 342 1633; x_wconf 89' lang='lat' dir='ltr'><strong>hanc</strong></span> <span class='ocrx_word' id='word_1_109' title='bbox 372 1592 583 1647; x_wconf 84' lang='lat' dir='ltr'><strong>pericopen</strong></span> <span class='ocrx_word' id='word_1_110' title='bbox 617 1587 678 1643; x_wconf 91' lang='lat' dir='ltr'><strong>(ut</strong></span> <span class='ocrx_word' id='word_1_111' title='bbox 707 1591 949 1647; x_wconf 85' lang='lat' dir='ltr'><strong>significatur</strong></span> <span class='ocrx_word' id='word_1_112' title='bbox 970 1591 1085 1632; x_wconf 86' lang='lat' dir='ltr'><strong>Dent.</strong></span> <span class='ocrx_word' id='word_1_113' title='bbox 1105 1590 1176 1641; x_wconf 80' lang='lat' dir='ltr'><strong>VI,</strong></span> <span class='ocrx_word' id='word_1_114' title='bbox 1203 1589 1227 1632; x_wconf 98' lang='lat'>6</span> <span class='ocrx_word' id='word_1_115' title='bbox 1251 1588 1355 1648; x_wconf 85' lang='lat' dir='ltr'><strong>sqq.)</strong></span> <span class='ocrx_word' id='word_1_116' title='bbox 1388 1590 1524 1647; x_wconf 87' lang='lat' dir='ltr'><strong>probis</strong></span> <span class='ocrx_word' id='word_1_117' title='bbox 1549 1591 1730 1634; x_wconf 87' lang='lat' dir='ltr'><strong>omnibus</strong></span> 
     </span>
     <span class='ocr_line' id='line_1_17' title="bbox 240 1673 1731 1731; baseline 0.001 -14"><span class='ocrx_word' id='word_1_118' title='bbox 240 1674 421 1718; x_wconf 79' lang='lat' dir='ltr'><strong>Israelitis</strong></span> <span class='ocrx_word' id='word_1_119' title='bbox 454 1676 676 1715; x_wconf 86' lang='lat' dir='ltr'><strong>memoriter</strong></span> <span class='ocrx_word' id='word_1_120' title='bbox 708 1674 910 1715; x_wconf 86' lang='lat' dir='ltr'><strong>insedisse.</strong></span> <span class='ocrx_word' id='word_1_121' title='bbox 961 1673 1067 1728; x_wconf 80' lang='lat' dir='ltr'><strong>Quae</strong></span> <span class='ocrx_word' id='word_1_122' title='bbox 1101 1689 1223 1731; x_wconf 86' lang='lat' dir='ltr'><strong>quum</strong></span> <span class='ocrx_word' id='word_1_123' title='bbox 1254 1676 1309 1716; x_wconf 88' lang='lat' dir='ltr'><strong>ita</strong></span> <span class='ocrx_word' id='word_1_124' title='bbox 1340 1677 1437 1725; x_wconf 85' lang='lat' dir='ltr'><strong>sint,</strong></span> <span class='ocrx_word' id='word_1_125' title='bbox 1472 1675 1639 1717; x_wconf 90' lang='lat' dir='ltr'><strong>medulla</strong></span> <span class='ocrx_word' id='word_1_126' title='bbox 1671 1676 1731 1718; x_wconf 91' lang='lat' dir='ltr'><strong>vel</strong></span> 
     </span>
     <span class='ocr_line' id='line_1_18' title="bbox 242 1758 1732 1816; baseline 0.001 -16"><span class='ocrx_word' id='word_1_127' title='bbox 242 1759 449 1816; x_wconf 78' lang='lat' dir='ltr'><strong>explicatio</strong></span> <span class='ocrx_word' id='word_1_128' title='bbox 482 1758 756 1800; x_wconf 77' lang='lat' dir='ltr'><strong>illaudatorum</strong></span> <span class='ocrx_word' id='word_1_129' title='bbox 788 1758 957 1800; x_wconf 89' lang='lat' dir='ltr'><strong>medium</strong></span> <span class='ocrx_word' id='word_1_130' title='bbox 990 1759 1119 1800; x_wconf 90' lang='lat' dir='ltr'><strong>locum</strong></span> <span class='ocrx_word' id='word_1_131' title='bbox 1153 1761 1422 1815; x_wconf 86' lang='lat' dir='ltr'><strong>occupaverit,</strong></span> <span class='ocrx_word' id='word_1_132' title='bbox 1457 1759 1601 1802; x_wconf 87' lang='lat' dir='ltr'><strong>scilieet</strong></span> <span class='ocrx_word' id='word_1_133' title='bbox 1631 1762 1732 1802; x_wconf 90' lang='lat' dir='ltr'><strong>inter</strong></span> 
     </span>
     <span class='ocr_line' id='line_1_19' title="bbox 242 1842 1731 1900; baseline 0 -15"><span class='ocrx_word' id='word_1_134' title='bbox 242 1847 370 1900; x_wconf 86' lang='lat' dir='ltr'><strong>ipsum</strong></span> <span class='ocrx_word' id='word_1_135' title='bbox 401 1843 641 1899; x_wconf 85' lang='lat' dir='ltr'><strong>Decalogum</strong></span> <span class='ocrx_word' id='word_1_136' title='bbox 675 1851 713 1884; x_wconf 88' lang='lat' dir='ltr'><strong>et</strong></span> <span class='ocrx_word' id='word_1_137' title='bbox 742 1843 812 1884; x_wconf 89' lang='lat' dir='ltr'><strong>has</strong></span> <span class='ocrx_word' id='word_1_138' title='bbox 847 1843 1163 1894; x_wconf 74' lang='lat' dir='ltr'><strong>exhortationes,</strong></span> <span class='ocrx_word' id='word_1_139' title='bbox 1203 1842 1347 1900; x_wconf 85' lang='lat' dir='ltr'><strong>quibus</strong></span> <span class='ocrx_word' id='word_1_140' title='bbox 1379 1843 1565 1900; x_wconf 87' lang='lat' dir='ltr'><strong>Deealogi</strong></span> <span class='ocrx_word' id='word_1_141' title='bbox 1597 1843 1731 1886; x_wconf 86' lang='lat' dir='ltr'><strong>obser-</strong></span> 
     </span>
     <span class='ocr_line' id='line_1_20' title="bbox 243 1927 608 1969; baseline -0.003 0"><span class='ocrx_word' id='word_1_142' title='bbox 243 1929 347 1969; x_wconf 87' lang='lat' dir='ltr'><strong>vatio</strong></span> <span class='ocrx_word' id='word_1_143' title='bbox 379 1927 608 1969; x_wconf 86' lang='lat' dir='ltr'><strong>inculcatur.</strong></span> 
     </span>
    </p>

    <p class='ocr_par' dir='ltr' id='par_1_7' title="bbox 240 2010 1731 2905">
     <span class='ocr_line' id='line_1_21' title="bbox 358 2010 1731 2068; baseline 0.001 -15"><span class='ocrx_word' id='word_1_144' title='bbox 358 2012 401 2053; x_wconf 84' lang='lat' dir='ltr'><strong>ln</strong></span> <span class='ocrx_word' id='word_1_145' title='bbox 440 2011 612 2052; x_wconf 88' lang='lat' dir='ltr'><strong>secundo</strong></span> <span class='ocrx_word' id='word_1_146' title='bbox 644 2011 880 2068; x_wconf 85' lang='lat' dir='ltr'><strong>Fragmento</strong></span> <span class='ocrx_word' id='word_1_147' title='bbox 921 2010 1195 2053; x_wconf 85' lang='lat' dir='ltr'><strong>constituendo</strong></span> <span class='ocrx_word' id='word_1_148' title='bbox 1233 2026 1410 2068; x_wconf 89' lang='lat' dir='ltr'><strong>provoco</strong></span> <span class='ocrx_word' id='word_1_149' title='bbox 1443 2013 1482 2052; x_wconf 92' lang='lat' dir='ltr'><strong>in</strong></span> <span class='ocrx_word' id='word_1_150' title='bbox 1513 2012 1650 2068; x_wconf 90' lang='lat' dir='ltr'><strong>primis</strong></span> <span class='ocrx_word' id='word_1_151' title='bbox 1682 2011 1731 2054; x_wconf 86' lang='lat' dir='ltr'><strong>ad</strong></span> 
     </span>
     <span class='ocr_line' id='line_1_22' title="bbox 241 2094 1730 2153; baseline -0.001 -15"><span class='ocrx_word' id='word_1_152' title='bbox 241 2095 525 2138; x_wconf 83' lang='lat' dir='ltr'><strong>celeberrimam</strong></span> <span class='ocrx_word' id='word_1_153' title='bbox 557 2095 662 2137; x_wconf 84' lang='lat' dir='ltr'><strong>illam</strong></span> <span class='ocrx_word' id='word_1_154' title='bbox 686 2095 781 2137; x_wconf 72' lang='grc' dir='ltr'><strong>ι10511</strong></span> <span class='ocrx_word' id='word_1_155' title='bbox 808 2095 956 2138; x_wconf 89' lang='lat' dir='ltr'><strong>Christi</strong></span> <span class='ocrx_word' id='word_1_156' title='bbox 989 2095 1305 2144; x_wconf 85' lang='lat' dir='ltr'><strong>declarationem,</strong></span> <span class='ocrx_word' id='word_1_157' title='bbox 1341 2110 1417 2151; x_wconf 87' lang='lat' dir='ltr'><strong>qua</strong></span> <span class='ocrx_word' id='word_1_158' title='bbox 1451 2094 1603 2136; x_wconf 89' lang='lat' dir='ltr'><strong>doctori</strong></span> <span class='ocrx_word' id='word_1_159' title='bbox 1634 2096 1730 2153; x_wconf 83' lang='lat' dir='ltr'><strong>legis</strong></span> 
     </span>
     <span class='ocr_line' id='line_1_23' title="bbox 240 2176 1729 2237; baseline -0.001 -16"><span class='ocrx_word' id='word_1_160' title='bbox 240 2181 397 2237; x_wconf 86' lang='lat' dir='ltr'><strong>roganti</strong></span> <span class='ocrx_word' id='word_1_161' title='bbox 418 2182 521 2221; x_wconf 81' lang='grc' dir='ltr'><em>ποία</em></span> <span class='ocrx_word' id='word_1_162' title='bbox 545 2176 693 2235; x_wconf 80' lang='grc' dir='ltr'><em>ἕντολη</em></span> <span class='ocrx_word' id='word_1_163' title='bbox 715 2179 877 2235; x_wconf 77' lang='grc' dir='ltr'><em>μεγάλη</em></span> <span class='ocrx_word' id='word_1_164' title='bbox 900 2178 946 2220; x_wconf 78' lang='grc' dir='ltr'><strong>ἓν</strong></span> <span class='ocrx_word' id='word_1_165' title='bbox 968 2179 1024 2236; x_wconf 72' lang='grc' dir='ltr'><strong>τῷ</strong></span> <span class='ocrx_word' id='word_1_166' title='bbox 1046 2178 1181 2235; x_wconf 75' lang='grc' dir='ltr'><em>νόμῳς</em></span> <span class='ocrx_word' id='word_1_167' title='bbox 1216 2176 1373 2232; x_wconf 71' lang='lat' dir='ltr'><strong>(Mauh.</strong></span> <span class='ocrx_word' id='word_1_168' title='bbox 1396 2178 1520 2229; x_wconf 86' lang='lat' dir='ltr'><strong>XXII,</strong></span> <span class='ocrx_word' id='word_1_169' title='bbox 1547 2177 1601 2221; x_wconf 86' lang='lat'><strong>36</strong></span> <span class='ocrx_word' id='word_1_170' title='bbox 1625 2177 1729 2236; x_wconf 85' lang='lat' dir='ltr'><strong>sqq.)</strong></span> 
     </span>
     <span class='ocr_line' id='line_1_24' title="bbox 240 2260 1730 2322; baseline -0.001 -18"><span class='ocrx_word' id='word_1_171' title='bbox 240 2263 464 2320; x_wconf 81' lang='lat' dir='ltr'><strong>respondit:</strong></span> <span class='ocrx_word' id='word_1_172' title='bbox 506 2261 737 2318; x_wconf 64' lang='grc' dir='ltr'><em>ἀγαπήσεις</em></span> <span class='ocrx_word' id='word_1_173' title='bbox 776 2263 920 2318; x_wconf 79' lang='grc' dir='ltr'><em>κύριον</em></span> <span class='ocrx_word' id='word_1_174' title='bbox 952 2260 1028 2304; x_wconf 73' lang='grc' dir='ltr'><strong>τὸν</strong></span> <span class='ocrx_word' id='word_1_175' title='bbox 1058 2262 1169 2304; x_wconf 70' lang='grc' dir='ltr'><strong>θεόν</strong></span> <span class='ocrx_word' id='word_1_176' title='bbox 1201 2274 1276 2304; x_wconf 86' lang='grc' dir='ltr'><strong>σου</strong></span> <span class='ocrx_word' id='word_1_177' title='bbox 1310 2261 1355 2303; x_wconf 79' lang='grc' dir='ltr'><strong>ἒν</strong></span> <span class='ocrx_word' id='word_1_178' title='bbox 1387 2261 1462 2322; x_wconf 77' lang='grc' dir='ltr'><strong>ὅλῃ</strong></span> <span class='ocrx_word' id='word_1_179' title='bbox 1493 2262 1542 2321; x_wconf 73' lang='grc' dir='ltr'><strong>τῇ</strong></span> <span class='ocrx_word' id='word_1_180' title='bbox 1574 2262 1730 2318; x_wconf 77' lang='grc' dir='ltr'><em>καρδίᾳ</em></span> 
     </span>
     <span class='ocr_line' id='line_1_25' title="bbox 242 2344 1728 2405; baseline 0 -18"><span class='ocrx_word' id='word_1_181' title='bbox 242 2360 317 2388; x_wconf 86' lang='grc' dir='ltr'><strong>σου</strong></span> <span class='ocrx_word' id='word_1_182' title='bbox 355 2350 425 2387; x_wconf 75' lang='grc' dir='ltr'><em>καὶ</em></span> <span class='ocrx_word' id='word_1_183' title='bbox 467 2346 511 2387; x_wconf 81' lang='grc' dir='ltr'><strong>ἐν</strong></span> <span class='ocrx_word' id='word_1_184' title='bbox 551 2346 625 2405; x_wconf 75' lang='grc' dir='ltr'><strong>ὕλῃ</strong></span> <span class='ocrx_word' id='word_1_185' title='bbox 666 2347 714 2404; x_wconf 76' lang='grc' dir='ltr'><strong>τῇ</strong></span> <span class='ocrx_word' id='word_1_186' title='bbox 752 2345 874 2405; x_wconf 78' lang='grc' dir='ltr'>ψυχῇ</span> <span class='ocrx_word' id='word_1_187' title='bbox 915 2356 990 2386; x_wconf 84' lang='grc' dir='ltr'><strong>σου</strong></span> <span class='ocrx_word' id='word_1_188' title='bbox 1029 2348 1099 2385; x_wconf 82' lang='grc' dir='ltr'><em>καὶ</em></span> <span class='ocrx_word' id='word_1_189' title='bbox 1139 2344 1185 2386; x_wconf 80' lang='grc' dir='ltr'><strong>ἕν</strong></span> <span class='ocrx_word' id='word_1_190' title='bbox 1224 2345 1299 2404; x_wconf 80' lang='grc' dir='ltr'><strong>ὅλῃ</strong></span> <span class='ocrx_word' id='word_1_191' title='bbox 1339 2345 1387 2404; x_wconf 76' lang='grc' dir='ltr'><strong>τῇ</strong></span> <span class='ocrx_word' id='word_1_192' title='bbox 1430 2345 1602 2398; x_wconf 76' lang='grc' dir='ltr'><em>διανοίᾳ</em></span> <span class='ocrx_word' id='word_1_193' title='bbox 1634 2356 1728 2387; x_wconf 87' lang='grc' dir='ltr'><em>σου·</em></span> 
     </span>
     <span class='ocr_line' id='line_1_26' title="bbox 244 2427 1729 2486; baseline -0.001 -15"><span class='ocrx_word' id='word_1_194' title='bbox 244 2429 350 2486; x_wconf 69' lang='grc' dir='ltr'><em>αὗιη</em></span> <span class='ocrx_word' id='word_1_195' title='bbox 383 2429 495 2472; x_wconf 71' lang='grc' dir='ltr'>ἐστὶν</span> <span class='ocrx_word' id='word_1_196' title='bbox 527 2447 549 2486; x_wconf 93' lang='grc' dir='ltr'><em>η</em></span> <span class='ocrx_word' id='word_1_197' title='bbox 581 2429 743 2485; x_wconf 79' lang='grc' dir='ltr'><em>μεγάλη</em></span> <span class='ocrx_word' id='word_1_198' title='bbox 777 2433 847 2470; x_wconf 79' lang='grc' dir='ltr'><em>καὶ</em></span> <span class='ocrx_word' id='word_1_199' title='bbox 878 2446 901 2484; x_wconf 96' lang='grc' dir='ltr'><em>η</em></span> <span class='ocrx_word' id='word_1_200' title='bbox 934 2428 1075 2485; x_wconf 79' lang='grc' dir='ltr'><em>πρώῑη</em></span> <span class='ocrx_word' id='word_1_201' title='bbox 1108 2427 1274 2484; x_wconf 69' lang='grc' dir='ltr'><em>ἐντολή·</em></span> <span class='ocrx_word' id='word_1_202' title='bbox 1315 2429 1491 2483; x_wconf 80' lang='grc' dir='ltr'><em>δευτέρα</em></span> <span class='ocrx_word' id='word_1_203' title='bbox 1525 2428 1571 2470; x_wconf 79' lang='grc' dir='ltr'><strong>δὲ</strong></span> <span class='ocrx_word' id='word_1_204' title='bbox 1603 2427 1729 2482; x_wconf 81' lang='grc' dir='ltr'><em>ὁμοία</em></span> 
     </span>
     <span class='ocr_line' id='line_1_27' title="bbox 242 2510 1730 2573; baseline -0.001 -18"><span class='ocrx_word' id='word_1_205' title='bbox 242 2512 349 2573; x_wconf 80' lang='grc' dir='ltr'><em>αὐτῇ</em></span> <span class='ocrx_word' id='word_1_206' title='bbox 382 2511 612 2568; x_wconf 70' lang='grc' dir='ltr'><em>ἀγαπήσεις</em></span> <span class='ocrx_word' id='word_1_207' title='bbox 643 2511 719 2555; x_wconf 80' lang='grc' dir='ltr'><strong>τὸν</strong></span> <span class='ocrx_word' id='word_1_208' title='bbox 751 2512 929 2567; x_wconf 77' lang='grc' dir='ltr'><em>πλησίον</em></span> <span class='ocrx_word' id='word_1_209' title='bbox 962 2523 1036 2554; x_wconf 84' lang='grc' dir='ltr'><strong>σου</strong></span> <span class='ocrx_word' id='word_1_210' title='bbox 1060 2510 1114 2560; x_wconf 85' lang='grc' dir='ltr'><strong>ὡς</strong></span> <span class='ocrx_word' id='word_1_211' title='bbox 1138 2511 1328 2554; x_wconf 76' lang='grc' dir='ltr'><em>σεαυιόν.</em></span> <span class='ocrx_word' id='word_1_212' title='bbox 1378 2511 1424 2553; x_wconf 78' lang='grc' dir='ltr'><strong>ἓν</strong></span> <span class='ocrx_word' id='word_1_213' title='bbox 1446 2512 1616 2561; x_wconf 73' lang='grc' dir='ltr'><em>ταύταις</em></span> <span class='ocrx_word' id='word_1_214' title='bbox 1638 2519 1730 2561; x_wconf 80' lang='grc' dir='ltr'><em>ταῖς</em></span> 
     </span>
     <span class='ocr_line' id='line_1_28' title="bbox 243 2593 1729 2651; baseline -0.001 -12"><span class='ocrx_word' id='word_1_215' title='bbox 243 2598 365 2640; x_wconf 75' lang='grc' dir='ltr'><em>δυσὶν</em></span> <span class='ocrx_word' id='word_1_216' title='bbox 396 2596 590 2646; x_wconf 72' lang='grc' dir='ltr'><em>ἒνιολαῖς</em></span> <span class='ocrx_word' id='word_1_217' title='bbox 622 2596 720 2647; x_wconf 83' lang='grc' dir='ltr'><em>ὅλος</em></span> <span class='ocrx_word' id='word_1_218' title='bbox 752 2595 773 2638; x_wconf 84' lang='grc' dir='ltr'>ὁ</span> <span class='ocrx_word' id='word_1_219' title='bbox 798 2596 925 2650; x_wconf 74' lang='grc' dir='ltr'><em>νόμος</em></span> <span class='ocrx_word' id='word_1_220' title='bbox 946 2597 1150 2650; x_wconf 78' lang='grc' dir='ltr'><em>κρέμαται</em></span> <span class='ocrx_word' id='word_1_221' title='bbox 1172 2599 1240 2636; x_wconf 82' lang='grc' dir='ltr'><em>καὶ</em></span> <span class='ocrx_word' id='word_1_222' title='bbox 1265 2593 1304 2636; x_wconf 77' lang='grc' dir='ltr'><strong>οἳ</strong></span> <span class='ocrx_word' id='word_1_223' title='bbox 1327 2595 1555 2651; x_wconf 80' lang='grc' dir='ltr'><em>προφῆται.</em></span> <span class='ocrx_word' id='word_1_224' title='bbox 1598 2595 1729 2638; x_wconf 89' lang='lat' dir='ltr'><strong>Verba</strong></span> 
     </span>
     <span class='ocr_line' id='line_1_29' title="bbox 240 2679 1729 2737; baseline -0.001 -14"><span class='ocrx_word' id='word_1_225' title='bbox 240 2684 326 2731; x_wconf 87' lang='lat' dir='ltr'><strong>ista,</strong></span> <span class='ocrx_word' id='word_1_226' title='bbox 356 2681 499 2737; x_wconf 89' lang='lat' dir='ltr'><strong>quibus</strong></span> <span class='ocrx_word' id='word_1_227' title='bbox 522 2681 635 2722; x_wconf 81' lang='lat' dir='ltr'><strong>Jesus</strong></span> <span class='ocrx_word' id='word_1_228' title='bbox 659 2682 802 2736; x_wconf 88' lang='lat' dir='ltr'><strong>prioris</strong></span> <span class='ocrx_word' id='word_1_229' title='bbox 825 2679 979 2722; x_wconf 88' lang='lat' dir='ltr'><strong>tabulae</strong></span> <span class='ocrx_word' id='word_1_230' title='bbox 1003 2689 1271 2736; x_wconf 88' lang='lat' dir='ltr'><strong>argumentum</strong></span> <span class='ocrx_word' id='word_1_231' title='bbox 1297 2679 1492 2730; x_wconf 83' lang='lat' dir='ltr'><strong>describit,</strong></span> <span class='ocrx_word' id='word_1_232' title='bbox 1524 2679 1729 2737; x_wconf 87' lang='lat' dir='ltr'><strong>desumpta</strong></span> 
     </span>
     <span class='ocr_line' id='line_1_30' title="bbox 241 2761 1726 2818; baseline -0.001 -11"><span class='ocrx_word' id='word_1_233' title='bbox 241 2780 323 2807; x_wconf 86' lang='lat' dir='ltr'><strong>esse</strong></span> <span class='ocrx_word' id='word_1_234' title='bbox 365 2779 413 2806; x_wconf 79' lang='lat' dir='ltr'><strong>ex</strong></span> <span class='ocrx_word' id='word_1_235' title='bbox 454 2765 528 2805; x_wconf 91' lang='lat' dir='ltr'><strong>hoc</strong></span> <span class='ocrx_word' id='word_1_236' title='bbox 568 2765 655 2806; x_wconf 90' lang='lat' dir='ltr'><strong>loco</strong></span> <span class='ocrx_word' id='word_1_237' title='bbox 695 2764 991 2806; x_wconf 88' lang='lat' dir='ltr'><strong>Deuteronomii</strong></span> <span class='ocrx_word' id='word_1_238' title='bbox 1036 2761 1133 2817; x_wconf 88' lang='lat' dir='ltr'><strong>(Vl,</strong></span> <span class='ocrx_word' id='word_1_239' title='bbox 1161 2762 1200 2804; x_wconf 84' lang='lat'><strong>5.</strong></span> <span class='ocrx_word' id='word_1_240' title='bbox 1251 2762 1296 2804; x_wconf 85' lang='lat' dir='ltr'><strong>es.</strong></span> <span class='ocrx_word' id='word_1_241' title='bbox 1320 2762 1378 2813; x_wconf 89' lang='lat' dir='ltr'><strong>X,</strong></span> <span class='ocrx_word' id='word_1_242' title='bbox 1407 2762 1472 2805; x_wconf 79' lang='lat'><strong>12.</strong></span> <span class='ocrx_word' id='word_1_243' title='bbox 1511 2763 1651 2814; x_wconf 90' lang='lat' dir='ltr'><strong>XXX,</strong></span> <span class='ocrx_word' id='word_1_244' title='bbox 1676 2762 1726 2818; x_wconf 87' lang='grc'><strong>6)</strong></span> 
     </span>
     <span class='ocr_line' id='line_1_31' title="bbox 242 2847 1727 2905; baseline -0.001 -15"><span class='ocrx_word' id='word_1_245' title='bbox 242 2863 375 2890; x_wconf 85' lang='lat' dir='ltr'><strong>omnes</strong></span> <span class='ocrx_word' id='word_1_246' title='bbox 402 2850 662 2889; x_wconf 83' lang='lat' dir='ltr'><strong>consentiunt.</strong></span> <span class='ocrx_word' id='word_1_247' title='bbox 711 2847 790 2890; x_wconf 85' lang='lat' dir='ltr'><strong>Sed</strong></span> <span class='ocrx_word' id='word_1_248' title='bbox 814 2847 953 2898; x_wconf 85' lang='lat' dir='ltr'><strong>verba,</strong></span> <span class='ocrx_word' id='word_1_249' title='bbox 988 2862 1086 2905; x_wconf 82' lang='lat' dir='ltr'><strong>quae</strong></span> <span class='ocrx_word' id='word_1_250' title='bbox 1112 2856 1295 2904; x_wconf 88' lang='lat' dir='ltr'><strong>tanquam</strong></span> <span class='ocrx_word' id='word_1_251' title='bbox 1317 2849 1514 2889; x_wconf 87' lang='lat' dir='ltr'><strong>materiam</strong></span> <span class='ocrx_word' id='word_1_252' title='bbox 1537 2847 1727 2889; x_wconf 85' lang='lat' dir='ltr'><strong>secundae</strong></span> 
     </span>
    </p>
   </div>
   <div class='ocr_carea' id='block_1_7' title="bbox 240 2931 1726 2988">
    <p class='ocr_par' dir='ltr' id='par_1_8' title="bbox 240 2931 1726 2988">
     <span class='ocr_line' id='line_1_32' title="bbox 240 2931 1726 2988; baseline -0.001 -15"><span class='ocrx_word' id='word_1_253' title='bbox 240 2932 394 2974; x_wconf 86' lang='lat' dir='ltr'><strong>tabulae</strong></span> <span class='ocrx_word' id='word_1_254' title='bbox 426 2941 659 2988; x_wconf 90' lang='lat' dir='ltr'><strong>proponunt</strong></span> <span class='ocrx_word' id='word_1_255' title='bbox 698 2934 894 2974; x_wconf 88' lang='lat' dir='ltr'><strong>caritatem</strong></span> <span class='ocrx_word' id='word_1_256' title='bbox 928 2934 1009 2974; x_wconf 83' lang='lat' dir='ltr'><strong>sive</strong></span> <span class='ocrx_word' id='word_1_257' title='bbox 1042 2931 1286 2973; x_wconf 85' lang='lat' dir='ltr'><strong>dilectionem</strong></span> <span class='ocrx_word' id='word_1_258' title='bbox 1317 2940 1492 2975; x_wconf 82' lang='lat' dir='ltr'><strong>mutuam</strong></span> <span class='ocrx_word' id='word_1_259' title='bbox 1524 2931 1726 2974; x_wconf 86' lang='lat' dir='ltr'><strong>hominum</strong></span> 
     </span>
    </p>
   </div>
  </div>
 </body>
</html>
