1867 3301
873 250 999 255 —>—..-*
1005 249 1155 256 ,νῇ-ὴ..

270 326 320 368 ad
357 326 481 367 lucem
518 327 750 382 sagittarum
781 332 939 366 tuarum
971 322 1224 366 ambulabant
1256 321 1409 380 (nempe
1440 323 1653 367 Israelitae
1685 326 1760 367 ad-

269 425 406 452 versus
436 409 566 450 hostes
596 405 728 461 suos),
768 407 818 449 ad
849 407 1097 464 splendorem
1129 407 1296 464 fulguris
1328 407 1463 448 hastae
1495 416 1628 449 tuaest
1673 407 1760 450 Jam

270 508 362 535 vero
380 494 552 549 sayittae
567 491 749 533 Jelzovae
765 500 858 532 sunt
864 490 1044 548 Χαίρωνα
1051 508 1067 546 7·
1085 490 1378 540 Psalm.XVIII,
1394 488 1460 532 15.
1478 490 1675 542 LXXVII,
1692 491 1757 534 18.

271 575 443 625 CXLIV,
468 574 507 617 6.
542 574 588 616 ef.
612 574 728 616 Deut.
750 573 916 624 XXXII,
940 573 1010 616 41.
1058 574 1212 631 Itaque,
1247 589 1329 615 non
1356 588 1520 630 prorsus
1542 573 1759 617 absurdum

270 668 371 702 essct
401 660 592 715 suspicari
623 656 875 700 Habacucum
907 672 989 698 non
1019 657 1138 698 modo
1172 656 1221 698 ad
1252 657 1381 698 locum
1413 657 1518 698 hunc
1549 667 1757 715 spectasse,

270 743 338 785 sed
369 757 457 784 cum
490 741 625 783 eodem
656 741 775 782 modo
803 728 1060 790 intellexisse,
1095 755 1174 797 quo
1197 739 1231 781 J.
1256 740 1304 781 D.
1327 739 1527 782 Michaelis
1560 743 1600 782 in
1621 741 1760 783 Anno-

269 825 486 869 tationibus
526 825 575 866 ad
608 825 854 866 vernaculam
893 824 981 865 libri
1012 824 1158 865 Josuae
1193 825 1422 864 versionem.
1485 824 1519 864 Is
1552 826 1673 875 enim,
1715 834 1761 867 ut

268 910 383 952 nobis
407 917 544 951 auctor
566 917 624 950 est
644 908 966 950 Rosenmiillerus
991 907 1040 948 ad
1060 906 1144 948 ιΙοε.
1163 905 1213 955 X,
1237 904 1406 947 12—15
1432 921 1471 962 p.
1495 905 1590 957 183,
1624 910 1760 950 existi-

269 993 400 1035 mabat
432 991 682 1041 cananaeos,
723 991 791 1032 ubi
830 994 870 1032 in
903 990 996 1047 fuga
1036 1006 1057 1031 a
1089 996 1318 1045 tempestate
1350 989 1598 1032 vehementer
1627 993 1760 1033 vexati

270 1086 399 1119 essent
438 1085 475 1117 et
515 1075 564 1116 ad
595 1076 732 1116 incitas
765 1074 843 1115 fere
874 1073 1041 1123 redacti,
1084 1087 1131 1114 ne
1163 1074 1289 1113 noctis
1323 1072 1480 1129 quidem
1513 1082 1550 1115 et
1582 1074 1759 1116 tenebra-

268 1176 356 1203 rum
394 1159 581 1201 beneficio
622 1157 670 1199 ab
710 1158 970 1199 Israelitarum
1010 1157 1282 1213 perseeutione
1322 1164 1360 1197 et
1397 1157 1558 1198 ultionis
1597 1156 1758 1199 libidine

268 1244 452 1286 liberatos
494 1258 596 1292 esse,
643 1241 731 1292 sed,
775 1243 996 1298 quiescente
1035 1247 1285 1303 tempestate,
1335 1254 1405 1295 per
1444 1248 1567 1281 totam
1605 1249 1759 1282 noctem

268 1328 425 1385 fulgura
472 1326 646 1383 undique
691 1325 799 1366 coelo
846 1326 1046 1373 micuisse,
1097 1337 1196 1380 quae
1236 1338 1358 1380 quum
1395 1323 1576 1365 Israelitis
1623 1324 1758 1366 hostes

268 1408 594 1469 persequentibus
626 1409 772 1458 lucem,
807 1407 969 1449 diurnae
1001 1422 1082 1448 non
1113 1406 1278 1447 multum
1308 1406 1522 1457 cedentem,
1555 1407 1759 1464 praebuis-

269 1504 372 1545 sent,
411 1503 496 1536 tum
536 1493 671 1534 hostes
713 1490 1012 1548 prohibuissent
1048 1505 1095 1532 ne
1127 1490 1388 1532 Israelitarum
1420 1489 1600 1532 manibus
1633 1489 1759 1533 elabe-

267 1587 415 1628 rentur,
449 1585 565 1633 atque
598 1578 638 1617 in
660 1575 782 1632 sylvis
805 1583 843 1616 et
865 1574 1138 1631 speluncarum
1159 1574 1332 1616 latibulis
1355 1589 1438 1616 sese
1460 1574 1756 1617 absconderent.

268 1659 475 1718 Utcunque
508 1674 552 1701 ea
583 1674 623 1701 se
655 1673 716 1700 res
749 1656 950 1707 habuerit,
984 1659 1078 1698 satis
1109 1657 1231 1714 liquet
1250 1658 1484 1714 prophetam
1507 1657 1758 1700 Habaeucum

267 1745 365 1788 nihil
398 1744 543 1785 dixisse
577 1742 623 1785 de
654 1741 917 1784 retardatione
949 1749 1128 1783 motuum
1161 1741 1398 1782 coelestium.
1447 1741 1586 1783 Voluit
1608 1743 1640 1782 is
1663 1757 1758 1798 pro-

268 1829 369 1871 fecto
402 1827 637 1885 significare,
672 1827 827 1882 quoties
860 1824 966 1866 Deus
998 1823 1154 1865 rubenti
1188 1824 1326 1866 dextra
1358 1824 1518 1866 fulmina
1549 1839 1621 1866 sua
1645 1825 1758 1881 jacu-

267 1914 432 1961 laretur,
466 1912 583 1952 toties
614 1909 807 1951 Israelitas
840 1907 1028 1949 adversus
1062 1908 1196 1950 hostes
1228 1907 1537 1965 proeliabundos
1569 1908 1664 1950 solis
1696 1908 1758 1950 vel

267 1997 382 2037 lunae
420 1994 565 2035 lumine
606 1992 713 2033 facile
755 2006 882 2033 carere
921 2006 1061 2048 posse;
1112 1991 1158 2033 cf.
1199 1991 1329 2032 Exod.
1359 1991 1465 2041 XIV,
1496 1990 1565 2033 20.
1611 1991 1754 2032 Psalm.

268 2078 472 2128 LXXVII,
500 2075 566 2126 17,
595 2075 660 2118 18.
718 2075 812 2125 Eos,
848 2077 915 2131 qui
947 2074 1095 2116 scribae
1126 2075 1391 2117 Masorethico
1423 2074 1538 2116 fidem
1569 2074 1754 2125 fecerunt,

267 2177 348 2204 rem
387 2160 623 2202 intellexisse
656 2161 709 2200 ita
740 2167 785 2200 ut
816 2160 889 2199 iste
920 2160 1198 2214 interpretatus
1232 2166 1307 2208 est,
1349 2172 1462 2200 nemo
1496 2166 1555 2200 est
1585 2159 1653 2215 qui
1684 2159 1756 2198 mi-

267 2254 387 2287 retur.
435 2244 492 2284 Ita
516 2242 716 2299 Josephus
751 2239 791 2294 (l.
816 2239 865 2295 c.)
899 2241 949 2283 ad
980 2256 1111 2283 saeros
1138 2241 1379 2283 Judaeorum
1409 2240 1532 2283 libros
1564 2243 1605 2283 in
1635 2242 1755 2299 hujus

267 2330 322 2370 rei
345 2325 706 2384 comprobationem
728 2332 931 2382 provocat,
955 2327 1030 2366 nisi
1052 2327 1083 2365 is
1106 2325 1271 2366 fortasse
1289 2324 1543 2367 Jasharanam
1561 2325 1756 2367 collectio-

267 2426 354 2453 nem
387 2410 673 2467 signifieaverit.
735 2408 791 2449 Ita
824 2406 1017 2449 Siracidcs
1058 2407 1119 2448 ille
1151 2407 1265 2449 Jesus
1299 2410 1450 2464 quaerit
1483 2405 1753 2460 (Ecclesiastie.

267 2494 413 2544 XLVI,
439 2490 503 2546 5):
547 2489 641 2544 οὐχὶ
679 2491 725 2533 ἐν
762 2493 868 2546 χειρὶ
910 2485 1042 2532 αὐτοῦ
1082 2485 1338 2532 ἅνεπόδισεν
1374 2488 1396 2531 ὁ
1430 2489 1547 2545 ἥλιος
1577 2493 1648 2531 καὶ
1677 2493 1756 2544 μία

268 2576 402 2633 ἡμέρα
431 2571 618 2631 ἐγενήθη
644 2573 747 2630 πρὸς
770 2574 868 2624 δύος
900 2576 975 2615 nisi
998 2573 1098 2615 forte
1121 2573 1170 2614 ad
1192 2573 1297 2615 aliud
1318 2574 1545 2614 miraculum
1569 2571 1613 2626 (2
1629 2574 1752 2631 Regg.

266 2660 369 2709 XX,
394 2657 463 2712 11)
497 2660 733 2714 spectavisse
766 2657 981 2700 credendus
1015 2666 1084 2698 est.
1149 2656 1227 2698 Sed
1264 2656 1477 2698 hodiernos
1510 2658 1751 2712 interpretes,

268 2745 335 2800 qui
366 2750 550 2799 poterant
580 2744 818 2798 perspicere,
855 2740 951 2798 quid
982 2740 1078 2782 illud
1103 2741 1228 2781 valeat
1260 2740 1369 2798 quod
1399 2742 1438 2781 in
1470 2740 1569 2780 hanc
1601 2748 1754 2781 senten-

268 2828 361 2868 tiam
407 2824 534 2867 scriba
571 2825 859 2867 Masorethicus
900 2832 1097 2866 vetustum
1135 2839 1275 2881 poema
1314 2824 1471 2881 allegat,
1521 2822 1670 2865 coelum
1711 2837 1753 2864 ac

269 2918 390 2952 terras
430 2923 609 2961 movere,
649 2909 708 2952 vel
749 2910 884 2966 potius
922 2907 1029 2950 orbis
1060 2909 1233 2950 universi
1265 2909 1477 2950 motionem
1509 2909 1665 2956 sistere,
1709 2913 1754 2949 ut
