1867 3301
799 194 891 239 111

215 336 349 392 Itaque
372 338 409 376 in
434 334 587 375 duabus
612 333 811 390 prioribus
835 333 1018 374 clausulis
1043 332 1262 374 absolutam
1286 332 1473 373 habemus
1497 333 1592 374 allo-

101 422 294 461 cutionem
329 419 450 468 illam,
494 433 610 475 quam
642 416 794 458 Jehova
829 416 953 470 Qaino
994 415 1254 458 adhibendam
1288 418 1449 457 censuit.
1513 416 1591 458 Sed

101 503 363 559 quaeremlum
413 510 471 543 est
515 501 620 543 unde
668 501 849 557 supplere
899 516 1086 557 queamus
1134 500 1443 542 benedictionem
1489 500 1590 540 illam

100 585 256 635 Haben,
308 601 406 643 quae
447 586 547 626 hanc
587 585 893 626 admonitionem
934 586 1044 641 sequi
1084 583 1267 633 debebat,
1313 584 1424 640 cujus
1464 592 1591 624 tamen

98 685 179 711 non
219 671 293 711 nisi
334 670 468 711 ultima
500 668 620 710 verba
652 670 691 709 in
726 676 837 710 textu
867 668 1133 709 Masorethico
1166 670 1396 709 retinentur.
1459 667 1591 723 Atque

100 754 179 803 hie,
215 755 327 810 quasi
359 753 529 810 legitima
562 752 752 809 quaedam
786 753 909 807 optio,
944 750 1101 792 Novum
1136 751 1431 792 Testamentum
1458 751 1590 792 Veteri

100 839 324 880 auxiliatur.
390 837 487 878 Tres
528 838 628 878 enim
668 836 742 877 loci
781 843 874 876 sunt
905 836 944 876 in
977 837 1173 876 canonicis
1206 834 1309 875 Novi
1345 835 1591 877 [nstruinenti

100 921 229 971 libris,
272 936 370 977 quae
402 919 539 962 Habeli
579 922 813 961 mentionem
848 918 1012 960 faciunt:
1062 916 1121 972 (a)
1161 919 1304 960 Matth.
1334 919 1482 968 XXIII,
1515 918 1589 960 35:

102 1004 190 1046 πᾶν
221 1003 328 1058 αἷμα
367 1003 578 1046 δίκαιον
609 1003 892 1058 ἕκχυνόμενον
924 1001 994 1044 ἐπὶ
1024 1005 1096 1058 τῆς
1128 1005 1201 1058 γῆς
1233 999 1318 1043 ἀπὸ
1352 1003 1428 1044 τοῦ
1459 1006 1591 1056 αἵμα-

99 1104 170 1138 τος
190 1087 324 1142 ’Ἅβελ
354 1088 429 1129 τοῦ
462 1087 696 1137 δικαίου,
749 1084 805 1141 (b)
843 1087 969 1144 Epist.
1005 1087 1055 1128 ad
1086 1086 1205 1128 Hebr.
1236 1086 1312 1135 XI,
1337 1085 1383 1127 4:
1418 1087 1592 1127 πίστει

100 1172 278 1214 πλείονα
309 1173 473 1214 θυσίαν
495 1168 628 1225 ’Ἀβελ
660 1168 779 1227 παρὰ
811 1170 920 1212 Κάϊν
950 1169 1208 1226 προσήνεγκε
1239 1170 1298 1227 τῷ
1328 1170 1433 1227 θεῷ,
1468 1168 1526 1211 δι’
1544 1166 1592 1226 ἧς

99 1254 376 1311 ἐμαρτυρήθη
417 1255 528 1297 εἶναι
576 1254 802 1304 δίκαιος,
849 1254 1163 1311 μαρτυροῦντος
1201 1253 1272 1294 ἐπὶ
1308 1260 1397 1303 τοῖς
1438 1253 1592 1309 δώροις

99 1335 233 1381 αὐτοῦ
273 1341 348 1380 τοῦ
385 1339 517 1388 θεοῦ,
559 1340 631 1380 καὶ
672 1335 726 1379 δι’
754 1335 882 1392 αὐτῆς
921 1334 1168 1379 ἀποθανών
1201 1336 1335 1378 λαλεῖ.
1398 1335 1451 1390 (c)
1492 1338 1588 1379 lbid.

97 1423 188 1473 XII,
212 1422 290 1465 24:
324 1426 471 1477 αἵματι
501 1420 733 1478 ῥαντισμοῦ
760 1427 949 1478 κρεῖττον
972 1419 1176 1463 λαλοῦντι
1205 1417 1323 1474 παρὰ
1353 1418 1428 1462 τὸν
1447 1421 1590 1475 ”Αβελ.

97 1507 168 1548 His
208 1507 303 1548 locis
342 1507 455 1563 plane
496 1514 660 1563 apparet
695 1513 847 1547 textum
889 1513 1069 1547 nostrum
1101 1508 1229 1561 primo
1262 1514 1356 1562 post
1388 1504 1589 1547 Christum

99 1591 252 1632 saeculo
285 1591 498 1647 pleniorem
532 1589 673 1639 fuisse,
709 1597 746 1631 et
778 1589 992 1631 declarasse
1014 1589 1206 1631 Habelum
1240 1589 1469 1631 sacrificium
1494 1590 1590 1631 illud

97 1690 213 1716 suum
245 1689 338 1716 vera
370 1674 462 1733 fide
495 1673 704 1722 obtulisse,
747 1681 785 1715 et
816 1682 1026 1730 propterea
1057 1673 1184 1714 Deum
1216 1681 1401 1715 testatum
1435 1689 1517 1715 esse
1550 1690 1589 1717 se

96 1758 287 1800 Habelum
319 1773 402 1815 pro
432 1759 547 1813 justo
588 1757 830 1799 habiturum.
893 1756 1098 1799 Praeterea
1138 1758 1367 1798 sacrificium
1408 1758 1503 1799 illud
1536 1759 1593 1800 αι]

99 1841 246 1883 Christi
274 1842 525 1902 sacr-{ficium
554 1849 774 1899 spectasse,
817 1840 927 1898 quod
960 1843 1071 1898 quasi
1103 1850 1201 1898 typo
1236 1842 1587 1898 praesignificabat.

96 1924 234 1967 Habeli
265 1928 386 1983 igitur
418 1926 648 1968 sacrificium
689 1940 776 1967 cum
807 1924 1023 1966 Abrahami
1056 1927 1289 1966 mactatione
1323 1925 1371 1966 ad
1404 1928 1588 1967 amussim

98 2011 298 2067 congruit3
341 2018 379 2051 et
409 2012 441 2051 si
473 2010 570 2051 nihil
603 2009 708 2050 aliud
739 2024 813 2066 pro
847 2017 1078 2066 argumento
1112 2008 1366 2059 haberemus,
1408 2010 1468 2051 vel
1500 2010 1588 2050 hinc

98 2093 416 2135 concluderemus
447 2093 640 2135 Habelum
677 2101 715 2134 et
745 2092 1015 2135 Abrahamuin
1048 2093 1097 2134 ad
1129 2093 1288 2135 eandem
1322 2095 1361 2134 in
1393 2093 1589 2150 relligiosa

96 2176 337 2219 Judaeorum
370 2177 535 2218 historia
567 2178 801 2234 categoriam
834 2176 1058 2219 referendos
1091 2192 1186 2218 esse.
1243 2175 1350 2230 Quae
1383 2192 1503 2233 quum
1537 2179 1589 2218 ita

97 2261 193 2310 sint,
228 2260 325 2317 quid
356 2261 517 2317 impedit
548 2263 759 2318 quominus
792 2260 841 2302 ab
864 2260 1079 2302 Abrahami
1112 2261 1278 2302 historia
1300 2260 1419 2301 verba
1453 2276 1495 2301 ea
1521 2276 1589 2302 ex-

97 2358 319 2401 cerpamus,
362 2359 461 2401 quae
503 2344 551 2385 ad
582 2345 688 2386 hunc
718 2344 847 2386 locum
879 2344 1164 2386 restituendum
1198 2344 1421 2386 sufficiant?
1467 2345 1589 2401 Equi-

97 2427 181 2468 dem
228 2428 324 2469 mihi
370 2430 549 2485 persuasi
596 2429 833 2485 primitivam
881 2429 1001 2485 hujus
1044 2431 1248 2485 pericopes
1289 2428 1451 2470 sormam
1496 2429 1587 2469 tales

96 2526 211 2553 voces
243 2512 493 2568 praebuisse:

1059 2599 1170 2663 5722<
1207 2577 1374 2664 533ri5i

433 2680 490 2724 *D
523 2682 725 2725 name-n
757 2682 849 2725 rim
881 2682 1121 2726 'inari-15&
1153 2675 1290 2746 ΠἾῩΔἨ
1324 2684 1372 2725 *2

259 2744 422 2831 :pr-3⁸5
455 2768 568 2823 *aaa
599 2742 748 2831 niun]
779 2742 913 2831 riq-13
923 2733 1013 2831 ηιξ
1046 2767 1165 2831 0:312
1169 2766 1244 2830 πῆξε
1277 2767 1373 2823 η3ῑῑ

216 2843 290 2890 Cui
322 2854 458 2886 nostra
491 2825 663 2887 clausula
695 2849 824 2888 statim
858 2817 1031 2902 subjuwe,
1019 2854 1135 2896 atui,
1170 2825 1244 2888 lioe
1276 2861 1414 2888 sensu:

217 2945 232 2963 ν)
241 2927 292 2969 Et
322 2928 471 2970 Habelo
505 2929 624 2971 dixit:
