1867 3301
939 207 1069 279 ee*

471 352 529 392 Eo
564 353 649 407 ipso
685 350 765 399 die,
801 363 880 406 quo
914 348 954 390 id
985 348 1092 391 Deus
1123 356 1384 405 praeceperat.

183 444 441 482 (2e11.xv11.[24]
471 434 721 476 Abrahamus
746 446 837 473 vero
863 447 1007 474 annum
1030 431 1170 489 agebat
1192 431 1570 479 undecentesimum,
1599 445 1718 486 quum

1085 530 1124 555 se
1158 514 1415 562 circumcidit,

379 610 441 647 [25]
472 599 684 641 lsluuaelus
718 607 845 639 autem
879 613 1022 639 annum
1057 600 1213 639 tertium
1247 597 1449 638 decimum.

379 692 441 731 [26]
470 682 620 723 Eodem
655 682 714 723 die
747 683 961 722 circumcisi
995 689 1088 722 sunt
1118 680 1368 722 Abraliamus
1401 689 1439 721 et
1469 680 1702 728 lshmaelus‚

476 765 618 806 Omnes
645 766 745 806 servi
773 765 855 819 ejus
880 767 960 805 sive
984 764 1180 805 vernaculi
1204 766 1283 804 sive
1307 765 1425 819 empti
1449 779 1469 803 a
1491 764 1720 819 peregrinis.

162 838 327 868 Ge21‚XX1,
352 841 444 916 ¹⁴5]
474 850 661 889 Visitavit
692 856 820 889 autem
852 847 1005 890 Jehova
1038 847 1175 888 Saram
1207 849 1308 888 sicut
1339 848 1591 902 promiserat,

474 932 524 973 Et
555 932 748 988 implevit,
785 945 882 987 quae
915 931 1071 971 locutus
1105 939 1199 971 erat.

402 1025 444 1063 [2]
476 1015 744 1071 Concepitque
778 1028 821 1054 ac
853 1016 1005 1070 peperit
1036 1013 1159 1053 filium
1191 1012 1416 1053 Abrahamo
1454 1014 1492 1053 in
1526 1020 1721 1054 senectute

1086 1096 1169 1151 ejus

476 1182 532 1222 Eo
567 1190 742 1237 tempore
775 1195 854 1237 quo
888 1180 994 1221 Deus
1026 1178 1288 1236 praedixerat.

404 1274 446 1312 [3]
476 1265 723 1320 Vocavitque
745 1263 996 1305 Abrahamus
1029 1277 1172 1304 nomen
1203 1263 1290 1311 filii,
1326 1276 1439 1318 quem
1466 1263 1499 1303 ei
1521 1270 1724 1318 pepererat

1089 1345 1205 1394 Sara,
1239 1345 1369 1388 Isaac.

405 1440 446 1478 [4]
476 1431 609 1488 Atque
641 1445 728 1472 eum
760 1438 900 1471 octavo
925 1430 1004 1479 dic,
1041 1428 1370 1486 quemadmodum
1392 1429 1497 1470 Deus
1519 1443 1724 1485 praecepe-

1086 1521 1165 1562 rat,
1201 1512 1451 1554 circumcidit.

407 1609 447 1642 [5]
479 1597 754 1654 Compleverat
774 1611 868 1638 vero
891 1595 1142 1637 Abrahamus
1173 1610 1317 1636 annum
1349 1597 1599 1637 centesimum
1621 1602 1724 1636 aeta-

1088 1680 1137 1719 tis
1170 1693 1282 1727 suae,

481 1764 611 1818 Quum
645 1765 678 1803 ei
711 1771 934 1803 nasceretur
964 1762 1118 1803 Isaacus
1150 1761 1267 1802 filius.

407 1856 449 1894 [6]
482 1847 584 1887 Tum
619 1846 718 1887 dixit
752 1845 867 1887 Sara:
902 1846 1131 1887 »Laetitiam
1162 1844 1257 1886 mihi
1288 1844 1470 1901 praebuit
1501 1845 1619 1886 Deus.

482 1929 714 1985 Quicunque
747 1931 848 1970 enim
881 1928 1068 1977 audierit,
1102 1943 1252 1969 meeum
1283 1927 1502 1970 laetabitur.
1515 1943 1531 1962 «

407 2023 449 2061 [7]
480 2014 732 2069 Rursumque
766 2015 838 2053 ait:
873 2012 996 2066 »Quis
1029 2026 1203 2068 uuquam
1235 2012 1463 2054 Abrahamo
1498 2011 1681 2060 dixisset,

481 2097 617 2138 Saram
649 2096 750 2137 filios
782 2096 1010 2137 laetaturam
1045 2096 1158 2137 esse?

480 2180 664 2220 Attamen
697 2182 729 2220 ei
763 2182 844 2221 seni
875 2179 997 2220 filium
1028 2180 1202 2235 peperi«

409 2272 450 2310 [a]
480 2262 629 2303 Deinde
663 2277 784 2317 quum
818 2264 938 2303 erevit
968 2276 1066 2318 puer
1098 2270 1137 2303 et
1168 2261 1383 2303 ablactatus
1417 2269 1492 2309 est,

481 2345 732 2387 Abrahamus
766 2359 811 2385 eo
846 2345 905 2386 die
939 2360 1017 2400 quo
1052 2345 1268 2386 ablactatus
1301 2352 1377 2393 est,
1420 2359 1602 2400 magnum
1634 2359 1727 2385 cou-

1093 2429 1240 2468 vivium
1272 2429 1437 2482 paravit.

411 2522 452 2560 [9]
482 2512 538 2553 lbi
573 2521 653 2553 tum
687 2510 785 2552 Sara
809 2510 1074 2567 Aegyptiacae
1105 2510 1282 2566 Hagarae
1314 2510 1435 2551 filium
1467 2510 1727 2552 ludificantem

1091 2593 1208 2642 vidit,

389 2689 451 2726 [ιο]
480 2679 669 2735 Dixitque
687 2678 931 2719 Abrahamo:
956 2677 1087 2732 »Ejice
1109 2676 1284 2718 ancillam
1308 2676 1405 2717 haue
1428 2685 1465 2717 et
1485 2676 1606 2718 filium
1629 2676 1725 2731 ejus.

483 2761 618 2817 Neque
652 2764 750 2802 enim
785 2763 919 2804 haeres
954 2762 1026 2802 erit
1052 2775 1138 2801 cum
1160 2760 1290 2800 Isaaco
1314 2760 1392 2801 lilio
1417 2774 1501 2801 meo
1524 2762 1637 2801 istius
1660 2774 1727 2800 an-

1091 2843 1197 2883 cillae
1230 2843 1344 2883 filius.
1355 2859 1371 2877 «

391 2936 453 2974 [11]
483 2927 581 2968 Illud
594 2942 684 2969 vero
695 2927 921 2969 Abrahamo
938 2926 1049 2968 valde
1068 2927 1267 2983 displicuit
1283 2935 1445 2983 propter
1459 2925 1581 2967 filium
1598 2939 1725 2967 suum.
