1867 3301
965 194 1156 266 224——

269 339 448 387 acceptos
489 346 572 373 esse
611 346 741 388 posse.
804 331 910 389 Ergo
957 331 1062 373 labes
1101 333 1572 389 pseudo-Israelitarum,
1621 350 1756 377 eorum

269 416 337 471 qui
367 416 523 455 nomine
555 430 634 455 non
668 429 708 455 re
741 419 875 480 ῙἸἾΨἿ
908 424 1037 465 erant,
1073 418 1139 472 qui
1171 431 1250 458 non
1276 418 1432 472 probos
1457 417 1525 458 scd
1542 433 1759 474 perversos

269 512 308 538 se
342 497 609 546 ostenderent,
645 499 712 553 qui
744 499 783 538 in
815 484 916 538 filios
942 498 1013 539 Dei
1046 498 1222 556 adoptati
1254 509 1455 556 paternam
1485 501 1590 542 Illius
1623 510 1758 543 aucto-

268 583 420 622 ritatem
461 589 783 637 aspernarentur,
832 581 928 622 haec
967 583 1125 638 inquam
1167 582 1272 624 labes
1313 586 1352 624 in
1391 599 1506 625 causa
1547 592 1647 633 erat,
1690 599 1758 625 cur

267 663 419 705 Jehova
451 678 564 704 suum
598 664 790 720 populum
824 667 1010 706 servitute
1043 665 1206 722 aliisque
1227 669 1364 722 poenis
1387 669 1569 708 immissis
1592 666 1757 708 subinde

269 747 537 804 castigandum
571 750 774 789 censuerit.
823 747 958 804 Neque
990 748 1085 790 haec
1110 750 1361 805 reprehensio
1383 758 1578 806 repugnat
1598 749 1758 791 Bileami

268 830 382 871 effato
408 830 534 871 Deum
565 831 709 871 nullam
743 833 781 871 in
813 831 994 872 Israelitis
1027 832 1290 873 idololatriam
1322 833 1483 873 aliamve
1515 834 1757 888 iniquitatem

269 916 521 970 conspexisse
556 911 688 966 (Num.
711 914 858 964 XXIII,
884 912 970 967 21).
1032 914 1090 955 Ibi
1129 918 1229 956 enim
1271 915 1316 956 de
1348 918 1449 956 veris
1482 915 1663 956 Israelitis
1697 916 1758 956 vel

270 997 315 1038 de
337 997 508 1038 Ecclesia
528 997 736 1038 Israelitica
768 1000 806 1038 in
837 1012 977 1054 genere
1010 1012 1136 1039 sermo
1171 1006 1247 1048 est,
1281 1007 1461 1054 respectu
1485 1001 1597 1039 etiam
1620 998 1755 1040 habito

268 1080 318 1121 ad
342 1081 576 1136 relligiosam
599 1082 725 1137 gentis
750 1080 1014 1122 conditionem
1036 1090 1221 1138 regnante
1244 1080 1478 1131 Solomone,
1514 1082 1625 1137 cujus
1647 1083 1757 1138 regni

268 1166 378 1205 initio
421 1164 546 1204 saltim
587 1164 718 1204 nullus
759 1172 841 1205 erat
881 1163 1068 1205 falsorum
1101 1165 1275 1206 Deorum
1309 1165 1449 1206 cultus.
1512 1165 1598 1205 Hoc
1629 1172 1757 1206 autem

268 1249 478 1295 canticum,
512 1262 682 1303 persona
703 1247 828 1288 Mosis
862 1257 1082 1305 assumpta,
1118 1249 1166 1290 ad
1197 1251 1443 1304 praeteritam
1476 1250 1602 1305 gentis
1632 1248 1757 1289 histo·

267 1332 363 1371 riam
404 1338 572 1386 spectat,
622 1339 659 1371 et
706 1330 873 1372 fortasse
912 1340 1117 1373 venturam
1157 1331 1377 1373 Jerobeami
1417 1331 1678 1372 idololatriam
1719 1339 1757 1372 et

268 1413 497 1455 seditionem
536 1416 744 1471 praesagit.
808 1413 887 1456 Nec
926 1416 1053 1456 minus
1094 1417 1131 1455 in
1174 1415 1246 1456 hac
1285 1430 1325 1456 re
1368 1430 1484 1471 quam
1521 1417 1560 1455 in
1599 1416 1756 1455 nomine

266 1496 474 1538 Jeslzurun
517 1498 662 1553 stylum
705 1512 793 1539 vere
835 1498 1096 1539 Jasharanum
1138 1513 1322 1555 agnosco.
1385 1497 1503 1547 Nam,
1553 1506 1598 1538 ut
1636 1512 1756 1553 supra

268 1580 456 1629 vidimus,
498 1581 632 1637 lapsus
672 1581 733 1621 ille
764 1580 906 1622 Adami
942 1596 1023 1622 non
1055 1582 1173 1622 modo
1206 1584 1427 1622 universam
1460 1581 1629 1622 hominis
1664 1595 1755 1622 con-

268 1662 454 1704 ditionem
486 1663 666 1713 exhibet,
701 1664 769 1705 sed
800 1666 914 1705 etiam
946 1664 1041 1705 illud
1063 1664 1305 1705 idololatriae
1327 1664 1542 1720 periculum
1566 1664 1752 1720 depingit,

267 1746 376 1803 quod
398 1747 580 1788 Israelitis
613 1747 823 1788 identidem
855 1747 1092 1788 imminebat.
1141 1748 1239 1788 Tam
1271 1748 1390 1788 homo
1414 1750 1453 1788 in
1475 1761 1615 1804 genere
1638 1761 1754 1803 quam

264 1830 458 1872 Israelitae
499 1832 698 1887 speciatim
731 1828 831 1897 Ἶῑξῖἳτ
866 1845 947 1872 esse
991 1831 1239 1880 desinebant,
1282 1833 1436 1887 quoties
1470 1845 1490 1870 a
1522 1830 1673 1871 Jehova
1706 1829 1754 1871 ad

265 1913 554 1955 Baal-Peorem
577 1914 862 1963 desciscehant,
891 1914 930 1955 id
953 1915 1063 1970 quod
1085 1914 1263 1956 versibus
1287 1916 1355 1971 qui
1378 1922 1609 1970 sequuntur,
1642 1927 1755 1970 prae-

267 1999 417 2048 sertim,
453 2006 497 2039 ut
527 1997 692 2046 videbis,
725 2013 843 2039 versu
870 1996 920 2039 17
957 1998 1185 2039 declaratur.

383 2081 426 2122 ln
455 2097 491 2122 v,
516 2079 555 2123 8.
588 2081 929 2122 Rosenmiillerum
962 2096 1118 2137 sequor,
1154 2083 1221 2138 qui
1252 2095 1331 2122 rem
1355 2082 1408 2121 ita
1430 2079 1617 2121 declarat:
1652 2080 1753 2135 »jam

269 2173 349 2205 tum
390 2164 547 2221 quando
580 2165 687 2206 Deus
720 2167 846 2206 varias
886 2163 1118 2206 mortalibus
1155 2173 1278 2205 terras
1311 2163 1548 2220 assignando
1580 2162 1752 2219 populos

267 2247 518 2297 discerneret,
561 2248 642 2303 jam
681 2256 764 2289 tum
805 2256 999 2289 certorum
1039 2248 1278 2304 populorum
1320 2255 1442 2288 terras
1484 2261 1527 2288 ac
1566 2247 1752 2288 terminos

267 2330 494 2381 destinavit,
537 2344 636 2387 quae
669 2330 821 2372 suturae
853 2332 1113 2372 Israelitarum
1145 2330 1387 2372 multitudini
1419 2328 1625 2385 capiendae
1657 2330 1750 2369 satis

267 2423 437 2456 essent«
498 2413 579 2455 Nec
609 2414 718 2455 aliter
749 2414 935 2463 Dathius‚
973 2416 1041 2470 qui
1074 2422 1200 2454 tamen
1233 2413 1281 2454 ad
1313 2427 1516 2454 numerum
1547 2413 1749 2452 nationum

268 2496 603 2539 Canaanitiearum
636 2512 715 2539 rem
747 2496 986 2539 referendam
1020 2504 1159 2537 censet.
1214 2496 1422 2537 Maurerus
1455 2509 1589 2535 vocem
1620 2498 1750 2555 3³72?

266 2580 394 2622 reddit
425 2581 613 2635 tribuum,
646 2590 692 2623 ut
713 2583 751 2622 in
773 2581 890 2623 Deut.
913 2579 1101 2629 XXXIII,
1127 2579 1165 2629 3,
1194 2578 1258 2621 19.
1308 2577 1386 2619 Sed
1410 2580 1483 2619 ista
1504 2580 1631 2620 versio
1655 2576 1750 2634 quid

266 2662 340 2704 sibi
373 2664 465 2704 velit
496 2664 603 2705 haud
634 2663 819 2722 intelligo.

384 2746 550 2788 Dathius
599 2747 865 2789 difficultatem
912 2746 986 2788 sibi
1032 2747 1271 2803 excogitavit
1317 2747 1355 2787 in
1399 2743 1520 2787 verbo
1560 2747 1747 2813 ἹΠζὲΞτῐᾩἾ

268 2846 303 2871 ν.
334 2829 398 2871 10.
462 2830 748 2884 »Quomodo«,
790 2833 936 2887 inquit,
981 2829 1132 2870 »dicere
1171 2831 1303 2885 potuit
1332 2829 1484 2878 Moses,
1528 2827 1652 2869 Deum
1683 2827 1746 2867 in-

265 2914 417 2955 venisse
461 2915 654 2971 populum
700 2916 739 2955 in
778 2914 951 2964 deserto,
1002 2915 1040 2954 in
1081 2912 1189 2969 quod
1229 2927 1315 2954 eum
1354 2914 1437 2968 ipse
1476 2907 1744 2953 deduxerat?«
