1867 3301
822 188 919 236 137

123 332 275 374 diernae
307 331 583 388 philosophiae
616 331 785 372 examini
818 329 1083 386 subjiciendos
1099 329 1267 385 judicat.
1319 329 1396 383 Qui
1419 333 1519 372 enim
1541 346 1614 388 pro

123 416 230 457 coelo
264 414 488 471 cogitabant
519 418 638 482 ζ-ῙἾΡᾎ
671 413 870 471 quoddam
897 417 977 455 sive
1007 414 1311 463 firmamentum,
1348 413 1485 470 »quod
1515 415 1613 456 firmi

123 499 395 554 hemisphaerii
425 500 574 540 instar«
608 495 790 551 (Gesenii
815 497 934 539 verba
966 495 1083 551 sunt)
1119 513 1264 554 »super
1295 506 1487 540 terrarum
1521 498 1613 540 orbe

123 597 359 639 expansum,
401 582 579 639 sapphiri
621 584 744 623 instar
783 581 991 639 splendens
1033 590 1071 623 et
1110 581 1348 639 pellucidum
1389 582 1616 625 describunt

122 666 388 709 Hebraeorum
419 674 577 722 poetae,
619 668 680 706 cui
713 666 840 707 sidera
872 665 991 707 affixa
1023 674 1134 715 sunt,
1170 674 1208 707 et
1239 680 1358 722 super
1390 681 1469 723 quo
1505 682 1616 709 ocea-

121 765 194 792 nus
228 750 405 791 coelestis
438 752 603 791 exsistat
635 750 1042 806 apertisfirmamcnti
1075 749 1250 791 cancellis
1279 750 1453 806 pluviam
1477 751 1615 794 demit-

121 843 203 876 tens
236 836 275 875 in
306 842 488 884 terram«,
522 836 548 875 ii
581 848 673 875 sane
705 848 786 874 non
818 832 981 873 ulterius
1014 835 1216 891 progressi
1250 842 1343 875 sunt
1374 836 1413 875 in
1438 836 1614 891 physicis

121 918 354 974 disciplinis,
396 933 511 975 quam
551 927 700 960 veteres
734 917 787 958 illi
821 915 955 958 Graeci
989 919 1056 974 qui
1089 918 1264 959 similiter
1304 912 1493 973 οὕρανόν
1524 921 1548 975 i.
1580 935 1612 961 e.

122 1017 366 1058 expansum,
409 1010 447 1043 et
479 999 667 1043 ὠκεανόν
699 1004 723 1043 i.
748 1016 780 1042 e.
813 1001 962 1057 rapide
995 1002 1310 1044 circumeuntem
1330 999 1512 1060 fluvium
1542 1003 1614 1044 fin-

120 1085 263 1143 gebant
296 1083 412 1139 (New
436 1084 621 1142 Cratylus
655 1082 816 1139 {259}
864 1086 907 1126 In
939 1085 1107 1127 historia
1137 1088 1259 1144 igitur
1291 1094 1328 1128 et
1359 1086 1613 1144 philosophia

120 1170 287 1212 naturali
318 1170 449 1211 nullus
484 1178 543 1211 est.
573 1170 742 1227 generali
776 1168 924 1211 diluvio
957 1170 1079 1220 locus,
1115 1185 1241 1227 neque
1273 1170 1369 1212 illud
1398 1170 1613 1228 quidquam

120 1253 168 1295 ad
198 1254 434 1311 relligiosam
467 1254 672 1295 hominum
706 1256 970 1311 cognitionem
1002 1254 1313 1311 promovendam
1346 1255 1568 1297 contulerit.

235 1339 278 1379 Π.
331 1337 547 1392 Quemnam
586 1338 678 1379 huic
718 1338 1031 1380 narratiunculae
1070 1353 1229 1380 sensum
1266 1338 1476 1395 subjecerit
1505 1349 1612 1382 vates

119 1423 179 1465 ille
210 1422 451 1467 Jasharanus
492 1424 702 1465 certissime
739 1422 960 1479 apparebit,
995 1425 1028 1464 si
1059 1422 1211 1465 Noachi
1243 1438 1395 1465 nomen·
1421 1424 1614 1480 etymolo-

117 1510 203 1565 gica
225 1509 376 1548 ratione
399 1506 673 1549 scrutabimur.
721 1507 756 1548 Is
779 1509 936 1564 utique,
971 1509 1039 1564 qui
1062 1507 1230 1549 Genesin
1252 1507 1451 1558 exhibuit,
1487 1508 1612 1565 qualis

119 1590 167 1632 ad
198 1599 374 1632 nostram
408 1591 507 1632 diem
537 1593 736 1648 pervenit,
771 1592 871 1633 hanc
902 1591 1085 1648 praebuit
1106 1591 1311 1633 Noachani
1342 1594 1512 1633 nominis
1545 1607 1614 1634 ex·
1648 1592 1649 1596 ’

116 1675 386 1733 plicationem:
418 1679 623 1745 integer>
650 1679 817 1745 ηῡρῃῡῄ
849 1678 904 1722 m
936 1658 1084 1736 77387
1117 1671 1177 1735 m
1211 1671 1336 1723 ήνοω-
1339 1680 1416 1745 της
1447 1679 1610 1746 τηρῇ,

120 1768 183 1801 »et
213 1760 370 1800 vocavit
404 1774 548 1801 nomen
581 1760 664 1816 ejus
696 1740 867 1814 Noaelz,
911 1759 1099 1810 dicendo,
1142 1760 1205 1802 hic
1237 1740 1507 1802 consolabitur
1539 1775 1611 1802 nos

117 1859 166 1887 ex
199 1857 315 1900 opere
346 1851 484 1885 nostro
519 1851 590 1885 etc.
600 1859 617 1878 α
652 1841 766 1898 (Gen.
785 1843 835 1894 V,
861 1841 947 1898 29).
996 1844 1031 1885 Is
1064 1845 1197 1901 igitur,
1233 1859 1354 1901 quum
1377 1844 1427 1886 ad
1448 1844 1611 1887 verbum

117 1931 217 1996 Dm
248 1930 483 1984 respexerit,
518 1943 591 1984 pio
625 1923 686 1974 TW]
717 1930 742 1969 i.
767 1943 798 1970 e.
824 1929 938 1985 quies
970 1927 1106 1969 debuit
1136 1931 1256 1974 mn:
1284 1930 1309 1969 i.
1334 1944 1366 1970 e.
1391 1929 1611 1970 consolatio

118 2011 316 2062 sufficere3
350 2011 498 2069 alioqui
528 2027 602 2068 pro
635 2015 802 2072 WJDUJW
833 2011 1104 2068 reponendum
1126 2020 1184 2053 est
1215 2014 1362 2074 WJTJWJW
1393 2014 1418 2053 i.
1442 2027 1473 2053 e.
1497 2013 1612 2055 nobis

118 2097 291 2153 quietem
303 2096 487 2152 parabit.
535 2095 668 2153 Atque
691 2075 800 2137 hanc
812 2095 1037 2146 lectionem,
1072 2110 1189 2153 quam
1212 2098 1334 2138 secuti
1356 2105 1449 2138 sunt
1469 2096 1609 2147 LXX„

118 2182 185 2237 qui
218 2174 341 2228 οὗτος
374 2171 659 2222 mammaea
691 2177 799 2236 ἣμᾶς
826 2179 1014 2222 vertendo
1038 2179 1229 2230 ieddunt‚
1265 2182 1505 2222 verissimam
1528 2195 1610 2223 esse

117 2263 374 2314 existimabit,
409 2266 632 2322 quicunque
664 2266 703 2305 in
725 2263 956 2306 Hebraismo
990 2280 1071 2306 non
1102 2264 1216 2321 plane
1249 2265 1394 2322 hospes
1417 2273 1609 2307 versatur.

116 2347 214 2390 Nam
247 2350 504 2391 certissimum
535 2357 594 2390 est
615 2363 750 2391 vocem
783 2344 844 2406 [ij
878 2365 897 2389 a
920 2348 1049 2390 radice
1081 2351 1181 2409 ῌἾΞ,
1216 2350 1479 2406 requiescere,
1516 2364 1609 2390 cou-

115 2433 259 2487 sidere,
294 2433 500 2475 demittere
531 2448 572 2475 se
605 2433 818 2475 derivatam
851 2448 947 2476 esse.
993 2433 1127 2490 Atque
1160 2433 1209 2475 ad
1231 2433 1350 2489 hujus
1373 2432 1481 2474 verbi
1503 2448 1611 2474 men-

116 2519 261 2560 tionem
293 2518 394 2560 illico
429 2520 694 2560 convertimur
725 2516 774 2559 ad
806 2519 936 2559 varios
969 2518 1078 2560 locos
1116 2516 1184 2559 ubi
1215 2517 1288 2559 hac
1319 2516 1447 2559 radice
1479 2519 1611 2574 expri-

117 2603 235 2643 mitur
267 2605 376 2659 quies
408 2610 502 2658 post
533 2604 746 2644 errationes
779 2610 817 2643 et
847 2601 1016 2644 labores.
1079 2602 1134 2643 Ita
1167 2600 1318 2643 Noachi
1351 2615 1459 2651 arca,
1495 2601 1609 2643 undis

115 2700 186 2742 per
233 2694 293 2726 tot
338 2685 418 2727 dies
459 2687 625 2742 jactata,
674 2685 830 2728 tandem
871 2686 1069 2743 requievit
1107 2681 1256 2752 (HJJ)
1298 2700 1418 2742 super
1457 2694 1609 2728 montes

117 2766 238 2822 (Gen.
257 2769 360 2818 VIII,
384 2767 450 2823 4),
485 2770 551 2811 sed
585 2769 784 2820 columba,
828 2785 877 2812 ex
910 2784 997 2811 arca
1029 2771 1187 2819 emissa,
1225 2784 1306 2810 non
1339 2771 1471 2826 potuit
1501 2771 1609 2811 inve-

116 2855 198 2895 nire
231 2853 404 2909 quietem
436 2849 597 2921 (ῌἾΞῼ)
630 2854 721 2911 pedi
753 2869 826 2896 suo
858 2851 1095 2907 (Gen.Vlll‚
1121 2850 1177 2906 9).
1229 2852 1352 2894 Terra
1383 2861 1536 2903 sancta,
1570 2855 1610 2894 in

118 2951 195 2993 qua
224 2936 398 2992 populus
430 2937 502 2979 Dei
540 2937 692 2980 tandem
725 2940 938 2995 requievit,
980 2946 1146 2980 vocatur
1176 2939 1323 2997 passim
1355 2939 1516 3006 UQWJY?
1548 2937 1609 2980 vel
