1867 3301
979 188 1078 234 254

283 335 509 383 contemptu
557 335 673 382 atque
713 326 982 384 indignatione
1026 328 1150 383 rejicit
1189 343 1232 370 ac
1270 328 1473 385 repudiat,
1522 331 1604 385 ipse
1642 338 1771 371 tamen

281 410 395 466 plane
427 410 663 466 singularem
684 410 981 466 explicationem
1005 413 1257 467 excogitavit.
1304 410 1402 452 Nam
1426 414 1480 453 sic
1501 427 1581 453 rem
1604 421 1769 454 enarrat.

281 492 443 533 Josuam
484 507 603 548 quum
645 507 694 533 ex
734 496 869 534 eastris
914 493 1111 550 Gilgalicis
1154 509 1223 550 per
1261 503 1382 535 totam
1426 503 1577 536 noctem
1620 497 1770 552 magnis

282 576 486 617 itineribus
520 576 805 625 contendisset,
840 577 978 618 milites
1012 585 1141 618 autem
1174 576 1298 619 sessos
1323 593 1534 634 parumper
1555 578 1604 619 ad
1628 577 1772 620 Gibeo-

282 674 368 700 nem
402 661 523 715 quieti
556 659 745 716 dedisset,
779 659 992 701 meridiano
1025 669 1219 717 tempore,
1254 675 1333 717 quo
1366 661 1540 717 plerique
1568 676 1700 703 omnes
1732 663 1772 702 in

284 743 395 783 terris
437 742 692 783 orientalibus
731 743 907 799 paullum
941 725 1235 800 conquiescant,
1278 743 1506 785 Cananaeos
1544 759 1593 786 ex
1625 746 1772 801 impro-

282 827 368 866 viso
417 824 599 867 adortum
648 840 752 875 esse,
802 835 918 882 atque
965 841 1032 867 eos
1079 835 1173 883 post
1210 827 1328 868 breve
1369 828 1562 883 proelium
1600 826 1769 884 fugasse.

281 908 517 965 Priusquam
549 917 677 950 autem
705 924 877 966 pugnam
900 910 1002 950 illam
1027 911 1302 959 committeret,
1337 909 1500 951 Josuam
1522 912 1638 951 tacita
1658 925 1771 966 prece

281 991 471 1033 Jeliovam
504 992 688 1033 adorasse
713 1000 756 1033 nt
777 994 979 1033 victoriam
1002 993 1184 1034 Israelitis
1209 993 1448 1035 concederet.
1492 993 1640 1034 Deinde
1663 1008 1769 1042 vero,

282 1075 435 1116 sublata
458 1090 566 1124 voce,
602 1083 646 1116 ut
669 1090 802 1116 omnes
826 1075 1018 1125 audirent,
1054 1075 1150 1125 Soli,
1186 1090 1263 1132 qua
1285 1084 1386 1118 esset
1407 1078 1446 1116 in
1469 1076 1594 1117 Deum
1616 1075 1769 1126 fiducia,

283 1161 513 1214 imperasse,
548 1167 593 1199 ut
623 1173 694 1214 per
725 1158 980 1200 meridianum
1014 1167 1181 1215 tempus,
1215 1159 1255 1200 id
1288 1159 1397 1215 quod
1428 1159 1575 1215 alioqui
1597 1158 1770 1200 facturus

282 1250 403 1292 esset,
437 1241 586 1283 tardius
611 1243 702 1291 iret,
737 1250 853 1298 atque
878 1244 932 1283 ita
964 1244 1156 1299 ingentem
1180 1250 1368 1300 stragem,
1403 1257 1479 1283 una
1503 1244 1653 1284 circiter
1673 1242 1772 1283 hora

281 1333 485 1381 patratam,
519 1327 750 1367 intueretur.
799 1324 850 1366 Ut
880 1325 974 1367 baec
1006 1327 1274 1382 interpretatio
1306 1333 1468 1377 constet,
1505 1324 1771 1381 Gumpachius

282 1417 404 1449 totam
443 1410 705 1449 narrationem
739 1424 759 1448 a
792 1424 828 1448 v.
854 1406 879 1449 6
913 1408 962 1449 ad
994 1424 1031 1450 V.
1060 1407 1113 1450 14
1152 1410 1190 1449 in
1224 1417 1300 1450 tres
1332 1410 1538 1465 pericopas
1572 1407 1773 1449 distribuit

281 1492 308 1532 Ι.
333 1507 396 1532 vv.
421 1490 561 1542 6—73
592 1492 636 1532 ΙΙ.
660 1490 826 1542 8-1ος
858 1492 918 1532 ΙΙΙ.
947 1490 1130 1541 11-14,
1165 1506 1330 1548 quarum
1362 1493 1488 1547 prima
1518 1491 1664 1533 Josuae
1685 1492 1768 1541 iter,

283 1574 451 1615 secunda
484 1589 655 1631 pugnam
691 1574 973 1616 Gibeoniticam
1006 1575 1219 1625 describat,
1258 1576 1372 1616 tertia
1404 1583 1531 1616 autem
1564 1574 1772 1631 parenthe-

282 1660 357 1698 tica
396 1660 464 1708 sit,
507 1666 545 1699 et
581 1658 719 1699 doceat
750 1673 921 1714 quonam
953 1658 1023 1699 Dei
1057 1657 1235 1699 subsidio
1268 1666 1415 1699 tantam
1448 1657 1640 1698 Israelitae
1672 1666 1772 1698 stra-

281 1756 368 1798 gem
409 1740 618 1790 ediderint,
661 1756 817 1797 nempe,
858 1741 1048 1782 Jehovam
1089 1755 1272 1782 saxosam
1307 1740 1409 1781 illam
1441 1740 1667 1797 grandinem
1700 1743 1771 1781 im-

282 1826 453 1873 misisse,
488 1825 586 1881 quia
606 1823 730 1865 Josua
752 1832 932 1880 precatus
956 1833 1076 1873 esset,
1103 1823 1284 1864 Israelitis
1307 1832 1434 1864 autem
1458 1824 1583 1879 palam
1607 1823 1772 1865 dixisset

284 1906 342 1948 »O
377 1906 446 1948 Sol
486 1909 640 1964 quiesce
681 1916 718 1948 et
749 1908 860 1948 Luna
899 1907 1116 1948 subsistel«
1163 1906 1295 1948 Verba
1334 1910 1469 1973 0572.)ss
1501 1901 1607 1966 '0552
1642 1906 1772 1948 reddit

283 1992 423 2047 »quasi
446 1989 516 2031 Sol
547 1999 673 2031 totum
709 1990 807 2031 diem
840 1999 1016 2031 moratus
1049 1999 1175 2031 esset«
1211 1987 1311 2043 (nals
1344 1989 1395 2030 ob
1429 1991 1482 2030 sie
1516 1990 1590 2031 den
1619 2005 1770 2047 ganzen

284 2074 370 2130 Tag
391 2078 577 2130 gezo'gert
598 2071 763 2126 hilum),
788 2082 825 2115 et
845 2074 982 2114 ultima
1003 2073 1124 2114 verba
1145 2073 1193 2114 ad
1215 2073 1456 2130 grandinem,
1481 2087 1596 2129 quam
1618 2072 1770 2114 Jehova

281 2157 427 2198 Josuae
464 2156 646 2213 precibus
687 2156 897 2199 obsecutus
930 2158 1118 2206 misisset,
1161 2172 1242 2197 non
1274 2156 1323 2196 ad
1356 2156 1663 2212 qualemcunque
1695 2156 1770 2197 diei

282 2240 582 2282 retardationem
615 2239 744 2280 refert.
807 2239 892 2280 Jam
926 2255 1032 2289 vero,
1066 2248 1111 2280 ut
1142 2240 1215 2280 alia
1246 2248 1504 2295 praeteream,
1540 2253 1639 2295 quae
1670 2239 1770 2280 hanc

284 2324 641 2379 interpretationem
681 2322 956 2378 pessumdant,
1006 2322 1122 2363 cardo
1165 2324 1219 2363 rei
1261 2324 1425 2363 vertitur
1465 2324 1502 2362 in
1545 2337 1611 2371 eo,
1661 2321 1770 2378 quod

285 2405 551 2462 Gumpacliius
583 2406 810 2461 particulam
834 2411 890 2472 τὸς
912 2405 1055 2445 causali
1079 2405 1360 2461 significatione
1383 2403 1604 2445 donandam
1626 2412 1766 2444 censet.

283 2489 340 2530 De
380 2491 453 2529 ista
492 2488 684 2545 particula
717 2488 983 2544 Gumpaehius
1025 2490 1063 2528 in
1104 2487 1238 2528 eodem
1278 2487 1406 2527 libello
1441 2485 1531 2542 (pp.
1556 2484 1640 2528 206
1663 2484 1768 2543 sqq.)

284 2572 466 2613 subtilius
499 2586 616 2628 quam
647 2574 777 2612 verius
811 2571 1047 2627 disputavit,
1083 2570 1200 2610 modo
1234 2570 1401 2625 aliquam
1436 2568 1662 2610 subtilitatis
1686 2569 1769 2610 lau-

285 2655 369 2695 dem
401 2657 652 2711 grammatico
686 2654 886 2703 concedas,
925 2656 989 2709 qui
1024 2652 1198 2693 nondum
1233 2652 1365 2692 didicit
1397 2651 1591 2708 apodosin
1623 2667 1645 2692 a
1675 2666 1770 2707 pro-

287 2740 370 2787 tasi,
404 2737 632 2779 antecedens
666 2752 687 2777 a
718 2738 893 2785 relativo,
929 2743 1023 2777 lwzc
1053 2751 1074 2776 a
1107 2750 1242 2791 quiem,
1276 2736 1427 2776 idcirco
1459 2735 1519 2776 vel
1543 2740 1769 2790 propterea

284 2836 305 2861 a
337 2821 447 2877 quia,
481 2820 734 2876 distinguere.
797 2819 837 2859 ld
871 2821 970 2859 enim
1004 2820 1213 2867 commisit,
1254 2833 1374 2874 quum
1406 2819 1446 2858 in
1479 2818 1572 2858 locis
1605 2815 1769 2873 quibus-

286 2903 371 2944 dam
405 2909 460 2970 ῗζξ
499 2912 679 2959 tanquam
714 2904 981 2957 repetitionem
1014 2901 1163 2943 relativi
1197 2904 1245 2960 *2
1277 2902 1442 2942 notavit.
1506 2898 1548 2941 Si
1580 2897 1768 2941 Noldium
