<?xml version="1.0" encoding="UTF-8"?>
<!DOCTYPE html PUBLIC "-//W3C//DTD XHTML 1.0 Transitional//EN"
    "http://www.w3.org/TR/xhtml1/DTD/xhtml1-transitional.dtd">
<html xmlns="http://www.w3.org/1999/xhtml" xml:lang="en" lang="en">
 <head>
  <title>
</title>
<meta http-equiv="Content-Type" content="text/html;charset=utf-8" />
  <meta name='ocr-system' content='tesseract 3.04.00' />
  <meta name='ocr-capabilities' content='ocr_page ocr_carea ocr_par ocr_line ocrx_word'/>
</head>
<body>
  <div class='ocr_page' id='page_1' title='image "./jasharfragmentaa00dona_0135.png"; bbox 0 0 1867 3301; ppageno 0'>
   <div class='ocr_carea' id='block_1_1' title="bbox 708 201 880 273">
    <p class='ocr_par' dir='ltr' id='par_1_1' title="bbox 708 201 880 273">
     <span class='ocr_line' id='line_1_1' title="bbox 708 201 880 273; baseline 0 -27"><span class='ocrx_word' id='word_1_1' title='bbox 708 201 880 273; x_wconf 36' lang='grc' dir='ltr'>’ῥῶ</span> 
     </span>
    </p>
   </div>
   <div class='ocr_carea' id='block_1_2' title="bbox 104 339 1603 2925">
    <p class='ocr_par' dir='ltr' id='par_1_2' title="bbox 104 339 1603 2925">
     <span class='ocr_line' id='line_1_2' title="bbox 106 339 1601 398; baseline -0.003 -13"><span class='ocrx_word' id='word_1_2' title='bbox 106 357 186 385; x_wconf 87' lang='grc'><strong>11011</strong></span> <span class='ocrx_word' id='word_1_3' title='bbox 218 351 346 384; x_wconf 89' lang='lat' dir='ltr'>tamen</span> <span class='ocrx_word' id='word_1_4' title='bbox 377 341 521 385; x_wconf 88' lang='lat' dir='ltr'>idcirco</span> <span class='ocrx_word' id='word_1_5' title='bbox 555 343 595 382; x_wconf 94' lang='lat' dir='ltr'>in</span> <span class='ocrx_word' id='word_1_6' title='bbox 626 341 735 383; x_wconf 89' lang='lat' dir='ltr'>lucro</span> <span class='ocrx_word' id='word_1_7' title='bbox 767 344 905 398; x_wconf 79' lang='lat' dir='ltr'>posuit</span> <span class='ocrx_word' id='word_1_8' title='bbox 926 342 1052 383; x_wconf 87' lang='lat' dir='ltr'>Deum</span> <span class='ocrx_word' id='word_1_9' title='bbox 1085 341 1356 397; x_wconf 86' lang='lat' dir='ltr'>aequiparare,</span> <span class='ocrx_word' id='word_1_10' title='bbox 1391 339 1459 380; x_wconf 89' lang='lat' dir='ltr'>sed</span> <span class='ocrx_word' id='word_1_11' title='bbox 1492 342 1601 381; x_wconf 79' lang='lat' dir='ltr'>exuit</span> 
     </span>
     <span class='ocr_line' id='line_1_3' title="bbox 107 422 1598 484; baseline -0.002 -17"><span class='ocrx_word' id='word_1_12' title='bbox 107 426 333 484; x_wconf 83' lang='lat' dir='ltr'>dignitatem</span> <span class='ocrx_word' id='word_1_13' title='bbox 374 441 505 476; x_wconf 92' lang='lat' dir='ltr'>suam,</span> <span class='ocrx_word' id='word_1_14' title='bbox 552 434 590 467; x_wconf 90' lang='lat' dir='ltr'>ct</span> <span class='ocrx_word' id='word_1_15' title='bbox 622 424 746 467; x_wconf 85' lang='lat' dir='ltr'>sactus</span> <span class='ocrx_word' id='word_1_16' title='bbox 780 434 839 467; x_wconf 87' lang='lat' dir='ltr'>est</span> <span class='ocrx_word' id='word_1_17' title='bbox 870 441 950 467; x_wconf 92' lang='lat' dir='ltr'>non</span> <span class='ocrx_word' id='word_1_18' title='bbox 983 424 1102 466; x_wconf 90' lang='lat' dir='ltr'>modo</span> <span class='ocrx_word' id='word_1_19' title='bbox 1136 422 1280 475; x_wconf 83' lang='lat' dir='ltr'>hoino,</span> <span class='ocrx_word' id='word_1_20' title='bbox 1319 438 1455 465; x_wconf 71' lang='lat' dir='ltr'>verum</span> <span class='ocrx_word' id='word_1_21' title='bbox 1487 426 1598 464; x_wconf 86' lang='lat' dir='ltr'>etiam</span> 
     </span>
     <span class='ocr_line' id='line_1_4' title="bbox 106 508 1601 561; baseline -0.004 -8"><span class='ocrx_word' id='word_1_22' title='bbox 106 526 262 561; x_wconf 77' lang='lat' dir='ltr'>servus,</span> <span class='ocrx_word' id='word_1_23' title='bbox 308 519 345 553; x_wconf 83' lang='lat' dir='ltr'>et</span> <span class='ocrx_word' id='word_1_24' title='bbox 384 510 562 552; x_wconf 86' lang='lat' dir='ltr'>servilem</span> <span class='ocrx_word' id='word_1_25' title='bbox 603 518 768 552; x_wconf 88' lang='lat' dir='ltr'>mortem</span> <span class='ocrx_word' id='word_1_26' title='bbox 811 509 1007 552; x_wconf 87' lang='lat' dir='ltr'>occubuit.</span> <span class='ocrx_word' id='word_1_27' title='bbox 1070 509 1163 551; x_wconf 90' lang='lat' dir='ltr'>Inde</span> <span class='ocrx_word' id='word_1_28' title='bbox 1203 508 1252 549; x_wconf 86' lang='lat' dir='ltr'>ad</span> <span class='ocrx_word' id='word_1_29' title='bbox 1292 522 1465 549; x_wconf 81' lang='lat' dir='ltr'>summos</span> <span class='ocrx_word' id='word_1_30' title='bbox 1505 508 1601 548; x_wconf 90' lang='lat' dir='ltr'>coeli</span> 
     </span>
     <span class='ocr_line' id='line_1_5' title="bbox 105 591 1599 643; baseline -0.003 -7"><span class='ocrx_word' id='word_1_31' title='bbox 105 595 278 637; x_wconf 89' lang='lat' dir='ltr'>honores</span> <span class='ocrx_word' id='word_1_32' title='bbox 316 595 595 636; x_wconf 81' lang='lat' dir='ltr'>humanitatem</span> <span class='ocrx_word' id='word_1_33' title='bbox 630 609 740 636; x_wconf 87' lang='lat' dir='ltr'>suam</span> <span class='ocrx_word' id='word_1_34' title='bbox 773 597 943 636; x_wconf 60' lang='lat' dir='ltr'>evexit«</span> <span class='ocrx_word' id='word_1_35' title='bbox 1007 594 1100 643; x_wconf 90' lang='lat' dir='ltr'>Hic,</span> <span class='ocrx_word' id='word_1_36' title='bbox 1143 601 1189 634; x_wconf 90' lang='lat' dir='ltr'>ut</span> <span class='ocrx_word' id='word_1_37' title='bbox 1221 591 1331 642; x_wconf 87' lang='lat' dir='ltr'>alibi,</span> <span class='ocrx_word' id='word_1_38' title='bbox 1373 592 1420 632; x_wconf 93' lang='lat' dir='ltr'>D.</span> <span class='ocrx_word' id='word_1_39' title='bbox 1452 591 1599 632; x_wconf 88' lang='lat' dir='ltr'>Paulus</span> 
     </span>
     <span class='ocr_line' id='line_1_6' title="bbox 105 675 1601 735; baseline -0.004 -14"><span class='ocrx_word' id='word_1_40' title='bbox 105 679 300 721; x_wconf 88' lang='lat' dir='ltr'>Adamum</span> <span class='ocrx_word' id='word_1_41' title='bbox 333 688 370 721; x_wconf 87' lang='lat' dir='ltr'>et</span> <span class='ocrx_word' id='word_1_42' title='bbox 403 678 604 721; x_wconf 82' lang='lat' dir='ltr'>Christum</span> <span class='ocrx_word' id='word_1_43' title='bbox 638 687 839 735; x_wconf 89' lang='lat' dir='ltr'>comparat</span> <span class='ocrx_word' id='word_1_44' title='bbox 870 687 908 720; x_wconf 88' lang='lat' dir='ltr'>et</span> <span class='ocrx_word' id='word_1_45' title='bbox 940 677 1152 719; x_wconf 83' lang='lat' dir='ltr'>contendit.</span> <span class='ocrx_word' id='word_1_46' title='bbox 1208 675 1338 730; x_wconf 77' lang='lat' dir='ltr'>Quum</span> <span class='ocrx_word' id='word_1_47' title='bbox 1372 678 1471 716; x_wconf 90' lang='lat' dir='ltr'>enim</span> <span class='ocrx_word' id='word_1_48' title='bbox 1493 675 1601 716; x_wconf 91' lang='lat' dir='ltr'>Ada-</span> 
     </span>
     <span class='ocr_line' id='line_1_7' title="bbox 105 758 1599 820; baseline -0.003 -15"><span class='ocrx_word' id='word_1_49' title='bbox 105 778 191 805; x_wconf 89' lang='lat' dir='ltr'>mus</span> <span class='ocrx_word' id='word_1_50' title='bbox 225 772 375 805; x_wconf 89' lang='lat' dir='ltr'>creatus</span> <span class='ocrx_word' id='word_1_51' title='bbox 409 771 511 805; x_wconf 84' lang='lat' dir='ltr'>esset</span> <span class='ocrx_word' id='word_1_52' title='bbox 542 763 591 804; x_wconf 90' lang='lat' dir='ltr'>ad</span> <span class='ocrx_word' id='word_1_53' title='bbox 622 765 827 820; x_wconf 80' lang='lat' dir='ltr'>imaginem</span> <span class='ocrx_word' id='word_1_54' title='bbox 859 761 931 804; x_wconf 90' lang='lat' dir='ltr'>Dei</span> <span class='ocrx_word' id='word_1_55' title='bbox 965 758 1136 815; x_wconf 80' lang='lat' dir='ltr'>(Gen.1‚</span> <span class='ocrx_word' id='word_1_56' title='bbox 1163 758 1248 814; x_wconf 83' lang='grc'>27),</span> <span class='ocrx_word' id='word_1_57' title='bbox 1285 774 1404 817; x_wconf 88' lang='lat' dir='ltr'>quum</span> <span class='ocrx_word' id='word_1_58' title='bbox 1438 762 1599 801; x_wconf 86' lang='lat' dir='ltr'>vetitum</span> 
     </span>
     <span class='ocr_line' id='line_1_8' title="bbox 106 845 1600 905; baseline -0.003 -16"><span class='ocrx_word' id='word_1_59' title='bbox 106 846 294 898; x_wconf 85' lang='lat' dir='ltr'>fructum,</span> <span class='ocrx_word' id='word_1_60' title='bbox 329 856 515 905; x_wconf 81' lang='lat' dir='ltr'>tanquam</span> <span class='ocrx_word' id='word_1_61' title='bbox 549 845 689 896; x_wconf 74' lang='grc' dir='ltr'>ἄνθος</span> <span class='ocrx_word' id='word_1_62' title='bbox 720 845 952 901; x_wconf 75' lang='grc' dir='ltr'><strong><em>ἁρπαλέον,</em></strong></span> <span class='ocrx_word' id='word_1_63' title='bbox 986 845 1124 902; x_wconf 85' lang='lat' dir='ltr'>cupide</span> <span class='ocrx_word' id='word_1_64' title='bbox 1156 847 1404 900; x_wconf 73' lang='lat' dir='ltr'>arripuisset,</span> <span class='ocrx_word' id='word_1_65' title='bbox 1438 859 1600 901; x_wconf 85' lang='lat' dir='ltr'>persua-</span> 
     </span>
     <span class='ocr_line' id='line_1_9' title="bbox 106 928 1601 988; baseline -0.003 -15"><span class='ocrx_word' id='word_1_66' title='bbox 106 946 172 973; x_wconf 85' lang='lat' dir='ltr'>sus</span> <span class='ocrx_word' id='word_1_67' title='bbox 207 932 344 973; x_wconf 87' lang='lat' dir='ltr'>oculos</span> <span class='ocrx_word' id='word_1_68' title='bbox 377 946 473 973; x_wconf 86' lang='grc'><strong>51105</strong></span> <span class='ocrx_word' id='word_1_69' title='bbox 507 940 685 988; x_wconf 85' lang='lat' dir='ltr'>apertum</span> <span class='ocrx_word' id='word_1_70' title='bbox 718 934 783 981; x_wconf 92' lang='lat' dir='ltr'>iri,</span> <span class='ocrx_word' id='word_1_71' title='bbox 818 930 994 987; x_wconf 84' lang='lat' dir='ltr'>Dcoque.</span> <span class='ocrx_word' id='word_1_72' title='bbox 1016 930 1176 971; x_wconf 81' lang='lat' dir='ltr'>similem</span> <span class='ocrx_word' id='word_1_73' title='bbox 1210 944 1248 971; x_wconf 91' lang='lat' dir='ltr'>se</span> <span class='ocrx_word' id='word_1_74' title='bbox 1274 928 1470 979; x_wconf 79' lang='lat' dir='ltr'>futurum,</span> <span class='ocrx_word' id='word_1_75' title='bbox 1506 928 1601 969; x_wconf 91' lang='lat' dir='ltr'>boni</span> 
     </span>
     <span class='ocr_line' id='line_1_10' title="bbox 107 1012 1598 1073; baseline -0.003 -17"><span class='ocrx_word' id='word_1_76' title='bbox 107 1024 145 1056; x_wconf 89' lang='lat' dir='ltr'>et</span> <span class='ocrx_word' id='word_1_77' title='bbox 181 1016 271 1057; x_wconf 89' lang='lat' dir='ltr'>mali</span> <span class='ocrx_word' id='word_1_78' title='bbox 312 1016 587 1073; x_wconf 80' lang='lat' dir='ltr'>intelligentem</span> <span class='ocrx_word' id='word_1_79' title='bbox 624 1012 746 1068; x_wconf 90' lang='lat' dir='ltr'>(Gen.</span> <span class='ocrx_word' id='word_1_80' title='bbox 777 1015 844 1065; x_wconf 89' lang='lat' dir='ltr'>III,</span> <span class='ocrx_word' id='word_1_81' title='bbox 879 1012 941 1068; x_wconf 84' lang='lat'>5),</span> <span class='ocrx_word' id='word_1_82' title='bbox 985 1029 1105 1071; x_wconf 84' lang='lat' dir='ltr'>quum</span> <span class='ocrx_word' id='word_1_83' title='bbox 1145 1013 1332 1070; x_wconf 85' lang='lat' dir='ltr'>denique,</span> <span class='ocrx_word' id='word_1_84' title='bbox 1375 1013 1451 1053; x_wconf 92' lang='grc'><strong>1100</strong></span> <span class='ocrx_word' id='word_1_85' title='bbox 1482 1012 1598 1061; x_wconf 86' lang='lat' dir='ltr'>sacto,</span> 
     </span>
     <span class='ocr_line' id='line_1_11' title="bbox 107 1093 1597 1157; baseline -0.003 -15"><span class='ocrx_word' id='word_1_86' title='bbox 107 1115 155 1142; x_wconf 84' lang='lat' dir='ltr'>ex</span> <span class='ocrx_word' id='word_1_87' title='bbox 171 1099 316 1141; x_wconf 88' lang='lat' dir='ltr'>Edenis</span> <span class='ocrx_word' id='word_1_88' title='bbox 337 1103 516 1156; x_wconf 90' lang='lat' dir='ltr'>pomario</span> <span class='ocrx_word' id='word_1_89' title='bbox 541 1114 692 1141; x_wconf 90' lang='lat' dir='ltr'>summa</span> <span class='ocrx_word' id='word_1_90' title='bbox 713 1101 927 1157; x_wconf 79' lang='lat' dir='ltr'>ignominia</span> <span class='ocrx_word' id='word_1_91' title='bbox 949 1098 1138 1155; x_wconf 86' lang='lat' dir='ltr'>expulsus</span> <span class='ocrx_word' id='word_1_92' title='bbox 1163 1106 1265 1139; x_wconf 86' lang='lat' dir='ltr'>esset</span> <span class='ocrx_word' id='word_1_93' title='bbox 1287 1094 1401 1150; x_wconf 86' lang='lat' dir='ltr'>(Gen.</span> <span class='ocrx_word' id='word_1_94' title='bbox 1419 1097 1485 1147; x_wconf 90' lang='grc' dir='ltr'>ΙΠ,</span> <span class='ocrx_word' id='word_1_95' title='bbox 1512 1093 1597 1150; x_wconf 81' lang='lat'>25),</span> 
     </span>
     <span class='ocr_line' id='line_1_12' title="bbox 105 1181 1600 1242; baseline -0.003 -17"><span class='ocrx_word' id='word_1_96' title='bbox 105 1186 260 1226; x_wconf 86' lang='lat' dir='ltr'>meritas</span> <span class='ocrx_word' id='word_1_97' title='bbox 293 1187 451 1226; x_wconf 85' lang='lat' dir='ltr'>insanae</span> <span class='ocrx_word' id='word_1_98' title='bbox 485 1186 728 1242; x_wconf 83' lang='lat' dir='ltr'>arrogantiae</span> <span class='ocrx_word' id='word_1_99' title='bbox 751 1198 899 1240; x_wconf 88' lang='lat' dir='ltr'>poenas</span> <span class='ocrx_word' id='word_1_100' title='bbox 923 1182 997 1224; x_wconf 89' lang='lat' dir='ltr'>sihi</span> <span class='ocrx_word' id='word_1_101' title='bbox 1020 1183 1250 1224; x_wconf 83' lang='lat' dir='ltr'>conciliavit.</span> <span class='ocrx_word' id='word_1_102' title='bbox 1302 1181 1450 1224; x_wconf 88' lang='lat' dir='ltr'>Contra</span> <span class='ocrx_word' id='word_1_103' title='bbox 1472 1189 1600 1222; x_wconf 85' lang='lat' dir='ltr'>autem</span> 
     </span>
     <span class='ocr_line' id='line_1_13' title="bbox 107 1265 1600 1325; baseline -0.003 -15"><span class='ocrx_word' id='word_1_104' title='bbox 107 1266 309 1318; x_wconf 89' lang='lat' dir='ltr'>Christus,</span> <span class='ocrx_word' id='word_1_105' title='bbox 352 1284 434 1309; x_wconf 87' lang='grc'><strong>11011</strong></span> <span class='ocrx_word' id='word_1_106' title='bbox 465 1269 527 1309; x_wconf 88' lang='grc'><strong>1110</strong></span> <span class='ocrx_word' id='word_1_107' title='bbox 561 1268 717 1325; x_wconf 89' lang='lat' dir='ltr'>quidem</span> <span class='ocrx_word' id='word_1_108' title='bbox 752 1275 911 1310; x_wconf 70' lang='lat' dir='ltr'>creatus</span> <span class='ocrx_word' id='word_1_109' title='bbox 942 1267 991 1309; x_wconf 87' lang='lat' dir='ltr'>ad</span> <span class='ocrx_word' id='word_1_110' title='bbox 1023 1270 1227 1325; x_wconf 80' lang='lat' dir='ltr'>imaginem</span> <span class='ocrx_word' id='word_1_111' title='bbox 1259 1266 1350 1315; x_wconf 90' lang='lat' dir='ltr'>Dei,</span> <span class='ocrx_word' id='word_1_112' title='bbox 1385 1265 1454 1307; x_wconf 89' lang='lat' dir='ltr'>sed</span> <span class='ocrx_word' id='word_1_113' title='bbox 1486 1268 1524 1306; x_wconf 91' lang='lat' dir='ltr'>in</span> <span class='ocrx_word' id='word_1_114' title='bbox 1557 1279 1600 1306; x_wconf 88' lang='lat' dir='ltr'>ea</span> 
     </span>
     <span class='ocr_line' id='line_1_14' title="bbox 105 1347 1599 1411; baseline -0.001 -19"><span class='ocrx_word' id='word_1_115' title='bbox 105 1353 271 1409; x_wconf 80' lang='lat' dir='ltr'>imagine</span> <span class='ocrx_word' id='word_1_116' title='bbox 304 1351 351 1393; x_wconf 90' lang='lat' dir='ltr'>ab</span> <span class='ocrx_word' id='word_1_117' title='bbox 384 1355 496 1394; x_wconf 85' lang='lat' dir='ltr'>initio</span> <span class='ocrx_word' id='word_1_118' title='bbox 532 1354 703 1394; x_wconf 71' lang='lat' dir='ltr'>existens</span> <span class='ocrx_word' id='word_1_119' title='bbox 736 1350 806 1405; x_wconf 77' lang='grc' dir='ltr'>(ἓν</span> <span class='ocrx_word' id='word_1_120' title='bbox 836 1352 982 1411; x_wconf 77' lang='grc' dir='ltr'>μορφῇ</span> <span class='ocrx_word' id='word_1_121' title='bbox 1014 1352 1125 1393; x_wconf 75' lang='grc' dir='ltr'>θεοῦ</span> <span class='ocrx_word' id='word_1_122' title='bbox 1157 1347 1451 1403; x_wconf 74' lang='grc' dir='ltr'>ὑπάρχων),</span> <span class='ocrx_word' id='word_1_123' title='bbox 1493 1349 1599 1390; x_wconf 85' lang='grc'><strong>111110</strong></span> 
     </span>
     <span class='ocr_line' id='line_1_15' title="bbox 106 1434 1600 1494; baseline -0.002 -17"><span class='ocrx_word' id='word_1_124' title='bbox 106 1451 146 1478; x_wconf 89' lang='grc'>50</span> <span class='ocrx_word' id='word_1_125' title='bbox 186 1438 402 1477; x_wconf 83' lang='lat' dir='ltr'>exinanivit</span> <span class='ocrx_word' id='word_1_126' title='bbox 442 1446 558 1494; x_wconf 87' lang='lat' dir='ltr'>atque</span> <span class='ocrx_word' id='word_1_127' title='bbox 598 1436 793 1478; x_wconf 74' lang='lat' dir='ltr'>abdicavit</span> <span class='ocrx_word' id='word_1_128' title='bbox 832 1436 963 1477; x_wconf 83' lang='lat' dir='ltr'>divina</span> <span class='ocrx_word' id='word_1_129' title='bbox 995 1451 1065 1477; x_wconf 88' lang='lat' dir='ltr'>sua</span> <span class='ocrx_word' id='word_1_130' title='bbox 1097 1437 1317 1492; x_wconf 83' lang='lat' dir='ltr'>majestate,</span> <span class='ocrx_word' id='word_1_131' title='bbox 1361 1443 1399 1476; x_wconf 91' lang='lat' dir='ltr'>et</span> <span class='ocrx_word' id='word_1_132' title='bbox 1430 1435 1502 1475; x_wconf 89' lang='lat' dir='ltr'>hae</span> <span class='ocrx_word' id='word_1_133' title='bbox 1534 1434 1600 1474; x_wconf 89' lang='lat' dir='ltr'>de-</span> 
     </span>
     <span class='ocr_line' id='line_1_16' title="bbox 105 1518 1598 1578; baseline -0.002 -17"><span class='ocrx_word' id='word_1_134' title='bbox 105 1522 289 1562; x_wconf 89' lang='lat' dir='ltr'>missione</span> <span class='ocrx_word' id='word_1_135' title='bbox 329 1522 517 1577; x_wconf 83' lang='lat' dir='ltr'>majorem</span> <span class='ocrx_word' id='word_1_136' title='bbox 559 1521 653 1571; x_wconf 87' lang='lat' dir='ltr'>sibi,</span> <span class='ocrx_word' id='word_1_137' title='bbox 697 1523 764 1578; x_wconf 85' lang='lat' dir='ltr'>qui</span> <span class='ocrx_word' id='word_1_138' title='bbox 796 1536 876 1562; x_wconf 91' lang='lat' dir='ltr'>non</span> <span class='ocrx_word' id='word_1_139' title='bbox 909 1519 1027 1561; x_wconf 90' lang='lat' dir='ltr'>modo</span> <span class='ocrx_word' id='word_1_140' title='bbox 1062 1520 1189 1570; x_wconf 85' lang='lat' dir='ltr'>Deus,</span> <span class='ocrx_word' id='word_1_141' title='bbox 1233 1519 1301 1561; x_wconf 88' lang='lat' dir='ltr'>sed</span> <span class='ocrx_word' id='word_1_142' title='bbox 1333 1521 1447 1561; x_wconf 87' lang='lat' dir='ltr'>etiam</span> <span class='ocrx_word' id='word_1_143' title='bbox 1478 1518 1598 1559; x_wconf 89' lang='lat' dir='ltr'>homo</span> 
     </span>
     <span class='ocr_line' id='line_1_17' title="bbox 106 1604 1597 1671; baseline -0.003 -24"><span class='ocrx_word' id='word_1_144' title='bbox 106 1613 226 1656; x_wconf 85' lang='lat' dir='ltr'>esset,</span> <span class='ocrx_word' id='word_1_145' title='bbox 275 1605 440 1662; x_wconf 83' lang='lat' dir='ltr'>gloriam</span> <span class='ocrx_word' id='word_1_146' title='bbox 488 1620 531 1646; x_wconf 89' lang='lat' dir='ltr'>ac</span> <span class='ocrx_word' id='word_1_147' title='bbox 569 1605 814 1663; x_wconf 88' lang='lat' dir='ltr'>triumphum</span> <span class='ocrx_word' id='word_1_148' title='bbox 857 1607 1076 1662; x_wconf 81' lang='lat' dir='ltr'>acquisivit.</span> <span class='ocrx_word' id='word_1_149' title='bbox 1142 1604 1260 1658; x_wconf 82' lang='lat' dir='ltr'>Quod</span> <span class='ocrx_word' id='word_1_150' title='bbox 1298 1605 1480 1660; x_wconf 87' lang='lat' dir='ltr'>primitus</span> <span class='ocrx_word' id='word_1_151' title='bbox 1524 1611 1597 1671; x_wconf 66' lang='lat' dir='ltr'>tam</span> 
     </span>
     <span class='ocr_line' id='line_1_18' title="bbox 107 1686 1602 1746; baseline -0.003 -15"><span class='ocrx_word' id='word_1_152' title='bbox 107 1689 259 1731; x_wconf 79' lang='lat' dir='ltr'>diversa</span> <span class='ocrx_word' id='word_1_153' title='bbox 298 1699 427 1732; x_wconf 85' lang='lat' dir='ltr'>essent</span> <span class='ocrx_word' id='word_1_154' title='bbox 466 1690 690 1732; x_wconf 88' lang='lat' dir='ltr'>conditione</span> <span class='ocrx_word' id='word_1_155' title='bbox 736 1692 846 1746; x_wconf 83' lang='lat' dir='ltr'>prior</span> <span class='ocrx_word' id='word_1_156' title='bbox 884 1690 946 1731; x_wconf 88' lang='lat' dir='ltr'>ille</span> <span class='ocrx_word' id='word_1_157' title='bbox 985 1698 1023 1731; x_wconf 87' lang='lat' dir='ltr'>et</span> <span class='ocrx_word' id='word_1_158' title='bbox 1063 1689 1160 1730; x_wconf 88' lang='lat' dir='ltr'>alter</span> <span class='ocrx_word' id='word_1_159' title='bbox 1200 1687 1397 1737; x_wconf 88' lang='lat' dir='ltr'>Adamus,</span> <span class='ocrx_word' id='word_1_160' title='bbox 1447 1686 1506 1737; x_wconf 88' lang='lat' dir='ltr'>id,</span> <span class='ocrx_word' id='word_1_161' title='bbox 1555 1694 1602 1727; x_wconf 91' lang='grc'>111</span> 
     </span>
     <span class='ocr_line' id='line_1_19' title="bbox 104 1773 1601 1831; baseline -0.001 -16"><span class='ocrx_word' id='word_1_162' title='bbox 104 1773 229 1831; x_wconf 87' lang='lat' dir='ltr'>probe</span> <span class='ocrx_word' id='word_1_163' title='bbox 260 1777 464 1831; x_wconf 79' lang='lat' dir='ltr'>perspexit</span> <span class='ocrx_word' id='word_1_164' title='bbox 494 1774 737 1831; x_wconf 88' lang='lat' dir='ltr'>Apostolus,</span> <span class='ocrx_word' id='word_1_165' title='bbox 781 1773 1102 1831; x_wconf 83' lang='lat' dir='ltr'>discrepantiam,</span> <span class='ocrx_word' id='word_1_166' title='bbox 1138 1788 1236 1830; x_wconf 83' lang='lat' dir='ltr'>quae</span> <span class='ocrx_word' id='word_1_167' title='bbox 1268 1775 1307 1815; x_wconf 91' lang='lat' dir='ltr'>in</span> <span class='ocrx_word' id='word_1_168' title='bbox 1340 1774 1411 1815; x_wconf 89' lang='lat' dir='ltr'>hac</span> <span class='ocrx_word' id='word_1_169' title='bbox 1444 1787 1601 1829; x_wconf 54' lang='lat' dir='ltr'>compa*</span> 
     </span>
     <span class='ocr_line' id='line_1_20' title="bbox 104 1857 1601 1916; baseline -0.001 -17"><span class='ocrx_word' id='word_1_170' title='bbox 104 1860 255 1900; x_wconf 87' lang='lat' dir='ltr'>ratione</span> <span class='ocrx_word' id='word_1_171' title='bbox 287 1867 478 1909; x_wconf 78' lang='lat' dir='ltr'>versatur,</span> <span class='ocrx_word' id='word_1_172' title='bbox 513 1867 655 1916; x_wconf 88' lang='lat' dir='ltr'>augeat</span> <span class='ocrx_word' id='word_1_173' title='bbox 686 1873 840 1900; x_wconf 88' lang='grc'><strong>11000550</strong></span> <span class='ocrx_word' id='word_1_174' title='bbox 874 1867 943 1900; x_wconf 85' lang='grc'><strong>051.</strong></span> <span class='ocrx_word' id='word_1_175' title='bbox 1006 1858 1122 1900; x_wconf 90' lang='lat' dir='ltr'>Prior</span> <span class='ocrx_word' id='word_1_176' title='bbox 1154 1857 1350 1908; x_wconf 89' lang='lat' dir='ltr'>Adamus,</span> <span class='ocrx_word' id='word_1_177' title='bbox 1384 1866 1430 1898; x_wconf 80' lang='lat' dir='ltr'>ut</span> <span class='ocrx_word' id='word_1_178' title='bbox 1461 1857 1601 1898; x_wconf 90' lang='lat' dir='ltr'>animal</span> 
     </span>
     <span class='ocr_line' id='line_1_21' title="bbox 104 1941 1600 2000; baseline -0.001 -17"><span class='ocrx_word' id='word_1_179' title='bbox 104 1944 255 1984; x_wconf 85' lang='lat' dir='ltr'>ratione</span> <span class='ocrx_word' id='word_1_180' title='bbox 296 1943 536 2000; x_wconf 86' lang='lat' dir='ltr'>praeditum,</span> <span class='ocrx_word' id='word_1_181' title='bbox 579 1943 703 1984; x_wconf 84' lang='lat' dir='ltr'>Deum</span> <span class='ocrx_word' id='word_1_182' title='bbox 746 1951 958 1984; x_wconf 83' lang='lat' dir='ltr'>creatorem</span> <span class='ocrx_word' id='word_1_183' title='bbox 992 1945 1118 1999; x_wconf 88' lang='lat' dir='ltr'>specie</span> <span class='ocrx_word' id='word_1_184' title='bbox 1153 1941 1321 1998; x_wconf 85' lang='lat' dir='ltr'>quadam</span> <span class='ocrx_word' id='word_1_185' title='bbox 1354 1949 1391 1982; x_wconf 87' lang='lat' dir='ltr'>et</span> <span class='ocrx_word' id='word_1_186' title='bbox 1422 1941 1600 1982; x_wconf 88' lang='lat' dir='ltr'>similitu-</span> 
     </span>
     <span class='ocr_line' id='line_1_22' title="bbox 107 2021 1601 2081; baseline -0.001 -14"><span class='ocrx_word' id='word_1_187' title='bbox 107 2025 194 2068; x_wconf 91' lang='lat' dir='ltr'>dine</span> <span class='ocrx_word' id='word_1_188' title='bbox 234 2027 501 2078; x_wconf 67' lang='lat' dir='ltr'>adumbravit,</span> <span class='ocrx_word' id='word_1_189' title='bbox 544 2027 658 2069; x_wconf 86' lang='lat' dir='ltr'>Jesus</span> <span class='ocrx_word' id='word_1_190' title='bbox 700 2035 828 2068; x_wconf 90' lang='lat' dir='ltr'>autem</span> <span class='ocrx_word' id='word_1_191' title='bbox 862 2026 936 2068; x_wconf 81' lang='lat' dir='ltr'>suit</span> <span class='ocrx_word' id='word_1_192' title='bbox 968 2021 1237 2080; x_wconf 62' lang='grc' dir='ltr'><em>ἀπαύγασμα</em></span> <span class='ocrx_word' id='word_1_193' title='bbox 1268 2025 1338 2081; x_wconf 73' lang='grc' dir='ltr'>τῆς</span> <span class='ocrx_word' id='word_1_194' title='bbox 1372 2023 1499 2080; x_wconf 75' lang='grc' dir='ltr'><em>δόξης</em></span> <span class='ocrx_word' id='word_1_195' title='bbox 1530 2026 1601 2065; x_wconf 80' lang='grc' dir='ltr'>καὶ</span> 
     </span>
     <span class='ocr_line' id='line_1_23' title="bbox 106 2106 1601 2167; baseline -0.001 -16"><span class='ocrx_word' id='word_1_196' title='bbox 106 2107 323 2167; x_wconf 72' lang='grc' dir='ltr'><strong><em>χαρακτὴρ</em></strong></span> <span class='ocrx_word' id='word_1_197' title='bbox 356 2111 427 2167; x_wconf 78' lang='grc' dir='ltr'>τῆς</span> <span class='ocrx_word' id='word_1_198' title='bbox 458 2106 732 2160; x_wconf 74' lang='grc' dir='ltr'><em>ὑποστάσεως</em></span> <span class='ocrx_word' id='word_1_199' title='bbox 763 2107 895 2152; x_wconf 73' lang='grc' dir='ltr'>αὐτοῦ</span> <span class='ocrx_word' id='word_1_200' title='bbox 928 2107 994 2164; x_wconf 90' lang='lat' dir='ltr'>(ad</span> <span class='ocrx_word' id='word_1_201' title='bbox 1025 2110 1145 2151; x_wconf 83' lang='lat' dir='ltr'>Hebr.</span> <span class='ocrx_word' id='word_1_202' title='bbox 1179 2111 1215 2160; x_wconf 91' lang='grc' dir='ltr'>Ι,</span> <span class='ocrx_word' id='word_1_203' title='bbox 1243 2108 1306 2163; x_wconf 86' lang='lat'>3):</span> <span class='ocrx_word' id='word_1_204' title='bbox 1351 2112 1462 2166; x_wconf 88' lang='lat' dir='ltr'>prior</span> <span class='ocrx_word' id='word_1_205' title='bbox 1493 2109 1601 2150; x_wconf 84' lang='lat' dir='ltr'>Ada-</span> 
     </span>
     <span class='ocr_line' id='line_1_24' title="bbox 105 2194 1599 2252; baseline -0.001 -16"><span class='ocrx_word' id='word_1_206' title='bbox 105 2209 193 2237; x_wconf 88' lang='lat' dir='ltr'>mus</span> <span class='ocrx_word' id='word_1_207' title='bbox 235 2203 387 2237; x_wconf 85' lang='lat' dir='ltr'>creatus</span> <span class='ocrx_word' id='word_1_208' title='bbox 421 2204 497 2245; x_wconf 71' lang='lat' dir='ltr'>est,</span> <span class='ocrx_word' id='word_1_209' title='bbox 538 2195 654 2237; x_wconf 81' lang='lat' dir='ltr'>Jesus</span> <span class='ocrx_word' id='word_1_210' title='bbox 687 2203 816 2237; x_wconf 88' lang='lat' dir='ltr'>autem</span> <span class='ocrx_word' id='word_1_211' title='bbox 849 2195 982 2237; x_wconf 85' lang='lat' dir='ltr'>»Deus</span> <span class='ocrx_word' id='word_1_212' title='bbox 1017 2194 1062 2237; x_wconf 87' lang='lat' dir='ltr'>de</span> <span class='ocrx_word' id='word_1_213' title='bbox 1094 2194 1178 2236; x_wconf 86' lang='lat' dir='ltr'>Deo</span> <span class='ocrx_word' id='word_1_214' title='bbox 1212 2197 1367 2252; x_wconf 87' lang='lat' dir='ltr'>genitus</span> <span class='ocrx_word' id='word_1_215' title='bbox 1400 2202 1477 2243; x_wconf 87' lang='lat' dir='ltr'>est,</span> <span class='ocrx_word' id='word_1_216' title='bbox 1520 2208 1599 2234; x_wconf 89' lang='lat' dir='ltr'>non</span> 
     </span>
     <span class='ocr_line' id='line_1_25' title="bbox 107 2276 1599 2337; baseline -0.002 -16"><span class='ocrx_word' id='word_1_217' title='bbox 107 2278 279 2321; x_wconf 84' lang='lat' dir='ltr'>factus«:</span> <span class='ocrx_word' id='word_1_218' title='bbox 318 2281 429 2336; x_wconf 87' lang='lat' dir='ltr'>prior</span> <span class='ocrx_word' id='word_1_219' title='bbox 458 2278 637 2321; x_wconf 88' lang='lat' dir='ltr'>Adamus</span> <span class='ocrx_word' id='word_1_220' title='bbox 671 2279 835 2331; x_wconf 73' lang='grc' dir='ltr'>ἐγένετο</span> <span class='ocrx_word' id='word_1_221' title='bbox 868 2279 926 2328; x_wconf 81' lang='grc' dir='ltr'>εἷς</span> <span class='ocrx_word' id='word_1_222' title='bbox 958 2276 1104 2337; x_wconf 74' lang='grc' dir='ltr'>ψυχὴν</span> <span class='ocrx_word' id='word_1_223' title='bbox 1138 2277 1293 2328; x_wconf 65' lang='grc' dir='ltr'>ζῶσαν,</span> <span class='ocrx_word' id='word_1_224' title='bbox 1325 2278 1439 2320; x_wconf 64' lang='grc' dir='ltr'>ι105115</span> <span class='ocrx_word' id='word_1_225' title='bbox 1473 2286 1599 2319; x_wconf 89' lang='lat' dir='ltr'>autem</span> 
     </span>
     <span class='ocr_line' id='line_1_26' title="bbox 107 2361 1602 2420; baseline -0.001 -16"><span class='ocrx_word' id='word_1_226' title='bbox 107 2363 164 2414; x_wconf 77' lang='grc' dir='ltr'>εἷς</span> <span class='ocrx_word' id='word_1_227' title='bbox 195 2363 364 2419; x_wconf 77' lang='grc' dir='ltr'>πνεῦμα</span> <span class='ocrx_word' id='word_1_228' title='bbox 397 2362 631 2412; x_wconf 84' lang='grc' dir='ltr'>ζωοποιοῦν</span> <span class='ocrx_word' id='word_1_229' title='bbox 664 2361 703 2417; x_wconf 83' lang='grc'>(1</span> <span class='ocrx_word' id='word_1_230' title='bbox 731 2364 824 2406; x_wconf 90' lang='lat' dir='ltr'>Cor.</span> <span class='ocrx_word' id='word_1_231' title='bbox 847 2364 938 2414; x_wconf 88' lang='lat' dir='ltr'>XV,</span> <span class='ocrx_word' id='word_1_232' title='bbox 963 2361 1060 2416; x_wconf 74' lang='lat'>45);</span> <span class='ocrx_word' id='word_1_233' title='bbox 1101 2364 1268 2420; x_wconf 85' lang='lat' dir='ltr'>denique</span> <span class='ocrx_word' id='word_1_234' title='bbox 1300 2365 1411 2420; x_wconf 88' lang='lat' dir='ltr'>prior</span> <span class='ocrx_word' id='word_1_235' title='bbox 1442 2361 1522 2412; x_wconf 84' lang='lat' dir='ltr'>ille,</span> <span class='ocrx_word' id='word_1_236' title='bbox 1556 2369 1602 2403; x_wconf 90' lang='grc'>111</span> 
     </span>
     <span class='ocr_line' id='line_1_27' title="bbox 106 2445 1598 2506; baseline -0.003 -16"><span class='ocrx_word' id='word_1_237' title='bbox 106 2448 213 2490; x_wconf 80' lang='lat' dir='ltr'>Deus</span> <span class='ocrx_word' id='word_1_238' title='bbox 245 2447 372 2499; x_wconf 87' lang='lat' dir='ltr'>fieret,</span> <span class='ocrx_word' id='word_1_239' title='bbox 407 2451 630 2506; x_wconf 82' lang='lat' dir='ltr'>arrogantia</span> <span class='ocrx_word' id='word_1_240' title='bbox 651 2464 721 2490; x_wconf 85' lang='lat' dir='ltr'>sua</span> <span class='ocrx_word' id='word_1_241' title='bbox 746 2451 875 2490; x_wconf 90' lang='lat' dir='ltr'>omnia</span> <span class='ocrx_word' id='word_1_242' title='bbox 898 2447 1089 2505; x_wconf 84' lang='lat' dir='ltr'>perdidit3</span> <span class='ocrx_word' id='word_1_243' title='bbox 1123 2447 1251 2497; x_wconf 85' lang='lat' dir='ltr'>Jesus,</span> <span class='ocrx_word' id='word_1_244' title='bbox 1287 2450 1354 2503; x_wconf 86' lang='lat' dir='ltr'>qui</span> <span class='ocrx_word' id='word_1_245' title='bbox 1375 2445 1482 2487; x_wconf 88' lang='lat' dir='ltr'>Deus</span> <span class='ocrx_word' id='word_1_246' title='bbox 1506 2453 1598 2494; x_wconf 87' lang='lat' dir='ltr'>erat,</span> 
     </span>
     <span class='ocr_line' id='line_1_28' title="bbox 107 2529 1602 2586; baseline -0.001 -13"><span class='ocrx_word' id='word_1_247' title='bbox 107 2531 323 2574; x_wconf 88' lang='lat' dir='ltr'>humilitate</span> <span class='ocrx_word' id='word_1_248' title='bbox 358 2548 429 2574; x_wconf 89' lang='lat' dir='ltr'>sua</span> <span class='ocrx_word' id='word_1_249' title='bbox 460 2532 584 2575; x_wconf 86' lang='lat' dir='ltr'>factus</span> <span class='ocrx_word' id='word_1_250' title='bbox 617 2533 737 2574; x_wconf 91' lang='lat' dir='ltr'>homo</span> <span class='ocrx_word' id='word_1_251' title='bbox 773 2535 953 2575; x_wconf 86' lang='lat' dir='ltr'>amissam</span> <span class='ocrx_word' id='word_1_252' title='bbox 987 2531 1157 2573; x_wconf 89' lang='lat' dir='ltr'>hominis</span> <span class='ocrx_word' id='word_1_253' title='bbox 1190 2529 1409 2572; x_wconf 86' lang='lat' dir='ltr'>felicitatem</span> <span class='ocrx_word' id='word_1_254' title='bbox 1440 2544 1602 2586; x_wconf 87' lang='lat' dir='ltr'>reeupe-</span> 
     </span>
     <span class='ocr_line' id='line_1_29' title="bbox 106 2614 1601 2675; baseline -0.002 -17"><span class='ocrx_word' id='word_1_255' title='bbox 106 2619 219 2658; x_wconf 86' lang='lat' dir='ltr'>ravit.</span> <span class='ocrx_word' id='word_1_256' title='bbox 282 2617 416 2674; x_wconf 84' lang='lat' dir='ltr'>Itaque</span> <span class='ocrx_word' id='word_1_257' title='bbox 463 2618 678 2659; x_wconf 86' lang='lat' dir='ltr'>secundum</span> <span class='ocrx_word' id='word_1_258' title='bbox 716 2617 904 2675; x_wconf 91' lang='lat' dir='ltr'>Apostoli</span> <span class='ocrx_word' id='word_1_259' title='bbox 944 2624 1110 2658; x_wconf 87' lang='lat' dir='ltr'>mentem</span> <span class='ocrx_word' id='word_1_260' title='bbox 1149 2618 1299 2672; x_wconf 88' lang='lat' dir='ltr'>primus</span> <span class='ocrx_word' id='word_1_261' title='bbox 1340 2615 1400 2656; x_wconf 90' lang='lat' dir='ltr'>ille</span> <span class='ocrx_word' id='word_1_262' title='bbox 1442 2614 1601 2656; x_wconf 89' lang='lat' dir='ltr'>humani</span> 
     </span>
     <span class='ocr_line' id='line_1_30' title="bbox 106 2699 1603 2759; baseline -0.001 -17"><span class='ocrx_word' id='word_1_263' title='bbox 106 2703 254 2758; x_wconf 86' lang='lat' dir='ltr'>peccati</span> <span class='ocrx_word' id='word_1_264' title='bbox 287 2710 424 2743; x_wconf 87' lang='lat' dir='ltr'>auctor</span> <span class='ocrx_word' id='word_1_265' title='bbox 455 2701 572 2744; x_wconf 88' lang='lat' dir='ltr'>suerit</span> <span class='ocrx_word' id='word_1_266' title='bbox 604 2703 715 2759; x_wconf 88' lang='lat' dir='ltr'>quasi</span> <span class='ocrx_word' id='word_1_267' title='bbox 740 2702 878 2752; x_wconf 87' lang='lat' dir='ltr'>Titan,</span> <span class='ocrx_word' id='word_1_268' title='bbox 915 2703 982 2757; x_wconf 87' lang='lat' dir='ltr'>qui</span> <span class='ocrx_word' id='word_1_269' title='bbox 1015 2700 1110 2742; x_wconf 89' lang='lat' dir='ltr'>coeli</span> <span class='ocrx_word' id='word_1_270' title='bbox 1144 2715 1278 2741; x_wconf 90' lang='lat' dir='ltr'>muros</span> <span class='ocrx_word' id='word_1_271' title='bbox 1312 2699 1531 2749; x_wconf 86' lang='lat' dir='ltr'>scanderet,</span> <span class='ocrx_word' id='word_1_272' title='bbox 1566 2706 1603 2740; x_wconf 91' lang='lat' dir='ltr'>et</span> 
     </span>
     <span class='ocr_line' id='line_1_31' title="bbox 108 2781 1601 2842; baseline -0.001 -16"><span class='ocrx_word' id='word_1_273' title='bbox 108 2784 180 2826; x_wconf 85' lang='lat' dir='ltr'>Dei</span> <span class='ocrx_word' id='word_1_274' title='bbox 219 2781 480 2839; x_wconf 76' lang='grc' dir='ltr'>αὐτονομίαν</span> <span class='ocrx_word' id='word_1_275' title='bbox 519 2785 593 2827; x_wconf 90' lang='lat' dir='ltr'>sibi</span> <span class='ocrx_word' id='word_1_276' title='bbox 625 2786 897 2828; x_wconf 72' lang='lat' dir='ltr'>vindicandam</span> <span class='ocrx_word' id='word_1_277' title='bbox 937 2793 1106 2842; x_wconf 85' lang='lat' dir='ltr'>putaret.</span> <span class='ocrx_word' id='word_1_278' title='bbox 1170 2784 1226 2826; x_wconf 88' lang='lat' dir='ltr'>At</span> <span class='ocrx_word' id='word_1_279' title='bbox 1263 2785 1383 2834; x_wconf 89' lang='lat' dir='ltr'>enim,</span> <span class='ocrx_word' id='word_1_280' title='bbox 1424 2792 1469 2825; x_wconf 88' lang='lat' dir='ltr'>ut</span> <span class='ocrx_word' id='word_1_281' title='bbox 1500 2790 1601 2825; x_wconf 88' lang='lat' dir='ltr'>recte</span> 
     </span>
     <span class='ocr_line' id='line_1_32' title="bbox 110 2868 1602 2925; baseline -0.001 -15"><span class='ocrx_word' id='word_1_282' title='bbox 110 2868 338 2910; x_wconf 80' lang='lat' dir='ltr'>observavit</span> <span class='ocrx_word' id='word_1_283' title='bbox 367 2868 402 2910; x_wconf 85' lang='lat' dir='ltr'>J.</span> <span class='ocrx_word' id='word_1_284' title='bbox 425 2870 470 2911; x_wconf 90' lang='lat' dir='ltr'>P.</span> <span class='ocrx_word' id='word_1_285' title='bbox 493 2869 537 2911; x_wconf 87' lang='lat' dir='ltr'>F.</span> <span class='ocrx_word' id='word_1_286' title='bbox 563 2870 737 2922; x_wconf 89' lang='lat' dir='ltr'>Richter,</span> <span class='ocrx_word' id='word_1_287' title='bbox 772 2873 832 2912; x_wconf 80' lang='lat' dir='ltr'>vir</span> <span class='ocrx_word' id='word_1_288' title='bbox 864 2869 1157 2919; x_wconf 88' lang='lat' dir='ltr'>celeberrimus,</span> <span class='ocrx_word' id='word_1_289' title='bbox 1200 2871 1267 2925; x_wconf 84' lang='lat' dir='ltr'>qui</span> <span class='ocrx_word' id='word_1_290' title='bbox 1300 2868 1346 2910; x_wconf 87' lang='lat' dir='ltr'>de</span> <span class='ocrx_word' id='word_1_291' title='bbox 1379 2868 1455 2909; x_wconf 90' lang='lat' dir='ltr'>hoc</span> <span class='ocrx_word' id='word_1_292' title='bbox 1487 2882 1602 2924; x_wconf 86' lang='lat' dir='ltr'>argu-</span> 
     </span>
    </p>
   </div>
   <div class='ocr_carea' id='block_1_3' title="bbox 108 2953 1602 3010">
    <p class='ocr_par' dir='ltr' id='par_1_3' title="bbox 108 2953 1602 3010">
     <span class='ocr_line' id='line_1_33' title="bbox 108 2953 1602 3010; baseline -0.002 -15"><span class='ocrx_word' id='word_1_293' title='bbox 108 2962 239 2996; x_wconf 88' lang='lat' dir='ltr'>mento</span> <span class='ocrx_word' id='word_1_294' title='bbox 281 2961 415 2996; x_wconf 87' lang='lat' dir='ltr'>notam</span> <span class='ocrx_word' id='word_1_295' title='bbox 451 2953 554 2997; x_wconf 88' lang='lat' dir='ltr'>illam</span> <span class='ocrx_word' id='word_1_296' title='bbox 586 2953 756 2997; x_wconf 85' lang='lat' dir='ltr'>fabulam</span> <span class='ocrx_word' id='word_1_297' title='bbox 789 2955 1012 3005; x_wconf 74' lang='lat' dir='ltr'>contexuit,</span> <span class='ocrx_word' id='word_1_298' title='bbox 1057 2954 1280 3010; x_wconf 84' lang='lat' dir='ltr'>quicunque</span> <span class='ocrx_word' id='word_1_299' title='bbox 1314 2953 1463 2995; x_wconf 86' lang='lat' dir='ltr'>coelum</span> <span class='ocrx_word' id='word_1_300' title='bbox 1495 2953 1533 2993; x_wconf 89' lang='lat' dir='ltr'>vi</span> <span class='ocrx_word' id='word_1_301' title='bbox 1565 2959 1602 2992; x_wconf 86' lang='lat' dir='ltr'>et</span> 
     </span>
    </p>
   </div>
  </div>
 </body>
</html>
