1867 3301
974 197 1109 269 2943

278 267 452 303 Pax-vm,

281 314 295 338 2
307 309 385 337 Sam.
395 309 489 337 XXII.

426 352 487 385 [12]
520 340 627 382 Fecit
658 338 837 382 tenebras
870 338 1066 395 penetrale
1100 353 1214 380 suum
1246 338 1442 396 undique3

523 423 758 480 Tugurium,
794 437 873 479 quo
909 430 990 463 erat
1023 424 1194 472 cinctus;

521 505 670 562 Nempe
701 521 822 563 aquas
855 508 986 563 nigras
1020 514 1058 547 et
1090 505 1347 548 condensatas
1379 504 1517 547 nubes.

426 601 487 634 [ιὸ]
520 589 617 631 Prae
651 589 873 646 splendore,
908 591 976 646 qui
1009 590 1152 630 circum
1185 591 1315 644 ipsum
1348 598 1447 640 erat,
1481 588 1606 632 nubes
1639 589 1770 632 discu-

1041 674 1225 729 fiuntur,

521 754 573 797 Et
602 769 752 812 prunae
783 756 928 813 ignitae
962 755 1163 797 exardent.

427 851 488 885 [14]
523 838 626 881 Tum
666 840 840 881 intonuit
879 854 899 881 e
939 839 1046 881 coelo
1088 838 1261 889 Jehova,
1311 847 1348 881 et
1389 852 1594 895 supremus
1635 854 1769 883 vocem

1062 936 1173 963 suam
1205 921 1338 971 edidit,

428 1018 490 1052 [15]
524 1005 629 1048 Tum
658 1005 825 1062 projecit
858 1006 1019 1062 sagittas
1051 1019 1156 1055 suaS‚
1192 1019 1334 1061 easque
1367 1004 1586 1063 dissipavit,

521 1090 698 1146 Fulgura
722 1089 920 1144 jaculatus
953 1097 1025 1139 est,
1059 1103 1180 1145 eaque
1214 1088 1382 1130 diffudit.

428 1183 491 1222 [16]
525 1174 630 1215 Tum
662 1175 919 1230 scaturigines
951 1187 1141 1230 aquarum
1174 1181 1329 1229 apertae
1361 1180 1474 1224 sunt3

522 1257 683 1299 Retecta
714 1265 808 1298 sunt
837 1265 1027 1299 terrarum
1060 1256 1167 1298 orbis
1199 1255 1470 1307 fundamenta3

525 1339 586 1384 Ob
619 1342 923 1397 increpationem
955 1349 1075 1390 tuam,
1112 1355 1134 1381 o
1167 1339 1331 1389 Jehova,

526 1423 587 1467 Ob
620 1424 834 1466 anhelitum
864 1426 971 1465 venti
1003 1426 1156 1465 narium
1187 1432 1358 1465 tuarum.
1399 1448 1444 1455 -

954 1518 1066 1551 strophe
1085 1518 1109 1544 4.

430 1601 493 1641 [ιτ]
524 1590 587 1634 Ex
620 1591 697 1633 alto
730 1605 887 1632 manum
919 1591 1015 1632 mihi
1047 1591 1239 1647 porrexit,

524 1676 666 1732 Meque
698 1675 935 1732 prehensum
968 1675 1089 1715 traxit
1119 1688 1169 1715 ex
1201 1675 1313 1731 aquis
1344 1673 1489 1715 multis.

430 1768 493 1808 [18]
525 1759 725 1802 Liberavit
757 1773 815 1799 me
847 1757 895 1799 ab
930 1758 1042 1799 hoste
1074 1772 1161 1798 meo
1193 1757 1337 1807 valido,

524 1843 657 1900 Atque
679 1841 727 1883 ab
752 1841 935 1883 osoribus
959 1843 1064 1890 meis,
1093 1841 1280 1897 quoniam
1301 1854 1360 1882 me
1382 1842 1625 1897 potentiores
1649 1850 1769 1884 erant.

430 1934 493 1975 [19]
524 1927 581 1968 Illi
615 1925 771 1983 quidem
802 1933 980 1981 tempore
1012 1925 1238 1966 calamitoso
1263 1925 1359 1967 mihi
1382 1924 1538 1968 obviam
1560 1926 1770 1975 irruerunt,

526 2008 605 2052 Sed
636 2009 744 2052 Deus
776 2024 836 2050 me
868 2010 1116 2050 sustentavit.

430 2102 494 2142 [2ο]
525 2093 676 2136 Eduxit
708 2108 766 2134 me
797 2094 837 2134 in
870 2093 999 2134 locum
1031 2093 1263 2148 spatiosum,

524 2177 725 2219 Liberavit
754 2191 826 2226 me,
859 2185 905 2218 ut
936 2191 1052 2233 quem
1083 2184 1241 2217 amaret.

430 2271 494 2308 [21]
526 2259 723 2316 Rependit
753 2260 848 2300 mihi
879 2259 1033 2301 Jehova
1064 2258 1277 2301 secundum
1304 2259 1499 2314 justitiam
1531 2272 1665 2308 meam,

527 2342 751 2386 Secundum
788 2344 1000 2399 puritatem
1030 2357 1217 2384 manuum
1249 2357 1421 2385 mearum
1451 2340 1633 2385 retribuit
1663 2341 1769 2384 mihi.

430 2439 494 2475 [22]
527 2427 627 2470 Nam
659 2428 813 2468 servavi
844 2427 928 2467 vias
960 2425 1147 2475 Jehovae,

525 2510 663 2568 Neque
694 2512 810 2566 impie
843 2508 963 2550 defeci
995 2524 1017 2550 a
1047 2508 1132 2550 Deo
1165 2523 1264 2550 meo.

429 2604 493 2643 [23]
527 2594 632 2649 Quin
663 2594 746 2649 ejus
778 2601 986 2650 praecepta
1016 2592 1111 2634 mihi
1144 2592 1194 2632 ob
1230 2591 1365 2633 oculos
1398 2598 1616 2640 versantur,

525 2678 577 2720 Et
608 2685 755 2719 statuta
787 2677 871 2732 ejus
903 2691 984 2718 non
1013 2674 1240 2733 repudiavi;

430 2772 494 2809 [241
529 2760 608 2803 Sed
639 2775 730 2817 erga
761 2774 847 2802 eum
879 2762 1029 2815 integer
1061 2773 1185 2809 eram3
1220 2757 1401 2799 cavebam
1430 2758 1524 2800 mihi
1546 2773 1568 2799 a
1588 2760 1768 2815 peccatis.

430 2855 495 2891 [25]
530 2844 723 2899 Quocirca
754 2843 860 2885 Deus
892 2858 1015 2884 meam
1040 2843 1235 2898 justitiam
1266 2850 1548 2891 remuneratur,

529 2926 660 2981 Quum
690 2929 951 2970 innocentiam
982 2941 1103 2968 meam
1136 2924 1260 2982 probe
1290 2926 1547 2982 perspexerit.
