1867 3301
794 196 894 243 277

97 341 164 396 qui
196 340 235 380 in
262 339 413 394 judicio
446 336 608 387 sedetis,
650 340 717 395 qui
749 338 912 379 liberum
940 339 1021 394 jam
1054 337 1211 379 tandem
1244 340 1343 380 inter
1375 353 1446 379 vos
1479 353 1590 380 exer-

96 425 186 464 cetis
221 424 505 470 eonunereium,
545 421 838 472 meditaminor,
874 431 1037 478 propter
1061 421 1318 478 jubilationes
1352 423 1588 478 lignatorum

94 508 195 547 inter
231 506 436 546 fluminum
474 505 670 547 alluvies.«
733 505 775 547 In
815 506 960 547 ultimis
1003 505 1133 548 verbis
1174 508 1247 547 rite
1288 505 1589 562 interpretandis

93 592 216 631 totius
255 591 310 630 rei
343 588 460 631 cardo
495 591 673 630 vertitur.
726 590 808 630 Vix
840 591 939 630 enim
974 589 1047 631 dici
1079 598 1211 646 potest
1243 598 1485 647 quantopere
1514 591 1589 631 viri

94 673 309 715 doctissimi
339 675 379 714 in
411 673 487 713 hoc
518 673 604 714 loco
639 672 866 714 dissideant.
922 673 1029 726 Quae
1061 673 1115 714 illi
1147 673 1373 716 hallucinati
1406 682 1511 723 sunt,
1546 688 1590 715 ea

92 772 163 814 per
199 771 259 798 me
299 756 388 798 licet
429 755 624 798 oblivioso
666 748 792 798 mersa
840 757 993 798 silentio
1035 758 1203 813 jaceant.
1275 756 1354 799 Sed
1395 756 1491 814 quid
1531 765 1591 798 est

92 840 207 882 illud:
241 838 460 909 mugnis?
495 842 567 906 pp
607 843 809 910 :aigun-ip
851 825 1012 910 ¹75me
1057 840 1190 883 Radix
1220 843 1458 898 paragogica
1481 843 1589 909 W&

90 933 292 981 praeterea
323 927 481 966 nonnisi
512 924 573 966 bis
607 926 795 966 occurrit:
837 933 874 965 et
911 923 1126 981 utrobique
1167 940 1253 966 cum
1287 924 1455 981 quadam
1489 924 1589 966 divi-

91 1010 213 1050 sionis
247 1017 284 1050 et
315 1010 539 1065 partitionis
563 1008 846 1065 significatione
870 1009 1082 1064 conjuncta
1103 1017 1162 1050 est
1192 1005 1329 1061 (ProV.
1351 1007 1484 1058 XXX,
1509 1007 1587 1059 273

91 1091 181 1134 Job.
203 1091 312 1142 XXI,
337 1089 423 1145 21).
473 1091 552 1133 Sed
576 1091 748 1134 crebrius
778 1094 977 1134 invenitur
1009 1102 1174 1150 cognata
1207 1092 1322 1134 radix
1355 1092 1428 1133 sub
1461 1091 1589 1134 forma

89 1179 198 1243 :2ng
221 1176 282 1217 vel
302 1180 410 1244 Πξζῒ
433 1191 519 1217 cum
543 1176 765 1219 »caedendi«
789 1177 1084 1234 significatione.
1126 1177 1183 1218 Ita
1204 1178 1454 1234 participium
1477 1172 1588 1237 ΞῌῨἾ

91 1261 252 1302 denotat
273 1260 334 1301 vel
356 1260 581 1317 lapicidam
603 1257 646 1313 (2
663 1260 762 1318 Reg.
779 1260 863 1310 XII,
887 1259 956 1314 13)
980 1261 1039 1302 vel
1061 1261 1303 1317 liqnatorem
1326 1258 1420 1314 (JQS.
1439 1260 1490 1310 X,
1515 1257 1586 1314 15)

90 1344 150 1386 vel
181 1353 393 1401 utrumque
426 1341 465 1397 (1
491 1344 589 1401 Reg.
613 1343 662 1394 V,
689 1342 775 1398 29).
823 1345 891 1394 Ita,
925 1359 999 1401 pro
1033 1344 1150 1386 solito
1185 1351 1288 1414 303,
1325 1346 1478 1386 »ascia«
1527 1359 1588 1386 re-

91 1431 280 1470 centiores
315 1427 495 1469 dicebant
525 1432 698 1497 ΠΞἾῌΓῚ
748 1427 799 1470 Ut
830 1443 951 1485 supra
973 1427 1439 1482 yidi1nus,c½amshetla
1473 1431 1588 1485 oppi-

91 1512 183 1554 dum
215 1512 412 1570 designat,
455 1511 523 1553 ubi
557 1511 667 1554 Sisra
706 1510 1000 1554 fabricationem
1041 1513 1240 1570 lignorum
1273 1511 1584 1555 administrabat.

87 1596 237 1639 Eodem
268 1596 388 1638 modo
412 1596 686 1653 explicandum
715 1605 773 1638 est
796 1596 923 1639 Chatz
926 1604 1068 1639 atzon-
1074 1597 1112 1638 T
1110 1612 1240 1651 amar,
1273 1612 1418 1639 nomen
1449 1596 1587 1654 oppidi

89 1683 128 1723 in
169 1681 322 1723 deserto
364 1680 491 1723 tribus
523 1680 648 1723 Judae
680 1682 764 1731 siti,
807 1689 845 1722 et
876 1689 1015 1738 postea
1047 1685 1229 1751 ἾἾᾸ-ζᾞ
1265 1681 1369 1724 dicti.
1432 1679 1587 1724 Nomen

89 1768 190 1807 enim
224 1765 691 1823 Chatzatzon-Tamor,
733 1766 758 1805 i.
783 1779 816 1805 e.
849 1764 1089 1820 Amputatio
1121 1766 1314 1819 Palmae,
1356 1773 1506 1823 spectat
1537 1765 1587 1807 ad

88 1849 317 1905 palmarum,
352 1864 452 1905 quae
482 1848 695 1906 Engaddae
728 1847 996 1898 abundabant,
1031 1850 1282 1890 excisionem.
1333 1849 1587 1907 Quapropter

90 1946 170 1973 non
203 1931 316 1973 video
347 1932 444 1989 quid
465 1932 651 1989 impediat
673 1934 884 1989 quominus
906 1933 1208 1989 interpretemur
1227 1936 1427 1995 ΕἯξξΓ-ἾῚΞ
1449 1933 1587 1976 eodem

89 2015 207 2057 modo
241 2031 283 2057 ac
315 2020 480 2083 ΕἾΞῊζῚ
512 2009 655 2066 ἿΓἹὟΞ,
700 2017 767 2072 qui
807 2015 1027 2071 liynz'cz'dae
1065 2025 1159 2057 sunt
1199 2013 1242 2069 (2
1264 1997 1435 2074 Paralip.
1457 2018 1501 2068 Π,
1526 2015 1584 2071 9).

88 2098 335 2141 Vocabulum
369 2081 603 2161 Dfflbfwy-Q'
623 2100 818 2141 duntaxat
848 2099 924 2140 hoc
955 2099 1042 2140 loco
1079 2103 1260 2142 occurrit.
1315 2100 1395 2143 Sed
1427 2104 1584 2158 saepius

87 2186 282 2241 reperitur
313 2184 428 2225 radix
459 2164 580 2252 Ξζξῖτὶ*
613 2186 651 2225 vi
682 2185 814 2224 nativa
848 2183 1089 2241 effimdencli
1127 2200 1298 2242 aquam,
1341 2194 1378 2227 et
1409 2185 1583 2242 ejusdem

88 2270 221 2324 stirpis
255 2272 390 2336 §qe—RQ,
433 2283 531 2325 quae
571 2267 895 2325 significationem
935 2276 1141 2323 cognatam
1179 2269 1370 2311 inhiandi
1407 2284 1501 2327 prae
1543 2285 1583 2312 se

87 2350 190 2414 fert3
222 2351 321 2392 Tam
344 2367 366 2392 a
387 2354 677 2409 praepositione
700 2353 785 2418 3³2,
821 2367 919 2409 quae
941 2352 1150 2409 praecedit,
1183 2368 1299 2410 quam
1323 2369 1372 2395 ex
1394 2353 1581 2395 adverbio

86 2435 349 2492 pronominali
381 2433 483 2504 ΠΨ,
528 2435 637 2492 quod
668 2438 866 2493 sequitur,
909 2437 1003 2477 satis
1037 2446 1192 2478 constat
1222 2438 1355 2479 locum
1387 2437 1582 2494 quendam

89 2518 315 2574 significari,
355 2519 424 2562 ubi
456 2522 682 2577 congregati
716 2528 845 2562 essent
875 2520 929 2560 illi
960 2520 1195 2577 lignatores:
1236 2529 1274 2563 et
1304 2521 1467 2578 pluralis
1507 2537 1582 2564 nu-

89 2615 216 2643 merus
254 2603 400 2646 indicat
436 2604 568 2661 plures
611 2603 730 2645 fuisse
769 2601 1010 2664 Εᾞζέἴζῗῷ,
1051 2606 1152 2646 inter
1183 2619 1284 2661 quos
1327 2606 1472 2647 clamor
1510 2608 1581 2648 iste

89 2683 246 2726 auditus
280 2694 349 2727 est.
410 2686 604 2744 Equidem
635 2688 742 2729 haud
775 2667 959 2744 dispicio,
1002 2687 1189 2745 quidnam
1232 2689 1339 2731 aliud
1371 2689 1581 2747 significari

89 2777 206 2825 queat
238 2783 353 2826 quam
385 2785 519 2827 aquae
548 2772 729 2830 undique
755 2772 922 2831 effusae,
956 2772 1028 2822 vel,
1063 2771 1173 2829 quod
1195 2772 1330 2814 eodem
1353 2773 1466 2824 redit,
1500 2774 1581 2815 late

80 2859 230 2909 patens
250 2851 476 2910 fluminum
508 2855 740 2898 exundatio.
788 2855 937 2898 Verum
960 2858 1061 2898 enim
1084 2870 1191 2907 vero,
1225 2859 1258 2898 si
1281 2857 1331 2899 ad
1352 2859 1579 2899 vicesimum

88 2944 127 2978 et
156 2945 379 2994 sequentem
413 2953 569 2981 versum
601 2940 930 2991 animadvertitis,
970 2943 1039 2983 vix
1071 2940 1186 2983 credo
1220 2940 1450 2984 dubitabitis
1482 2943 1578 3000 quin
