1867 3301
720 262 730 265 ,γ
738 195 1001 268 *2321—

113 335 247 391 Neque
288 334 385 375 illud
421 334 588 375 classicis
622 334 882 391 scriptoribus
916 351 1080 392 prorsus
1115 340 1343 380 inusitatum
1378 349 1479 391 erat3
1521 357 1607 383 nam

113 418 310 475 Vergilius
344 421 426 475 ipse
458 418 553 459 hacc
585 420 741 474 scripsit
774 417 1010 470 (A‹=11.V111‚
1037 418 1160 473 644);

325 515 434 552 Haud
455 515 583 564 procul
606 515 689 551 inde
713 518 803 552 citae
827 517 961 553 Melum
986 519 1021 553 in
1046 517 1187 554 diversa
1210 518 1406 568 quadrigae

327 587 551 623 Distulerant
576 609 616 613 —
639 594 674 625 at
697 594 738 623 tu
761 588 885 633 dit-tis,
908 589 1069 633 Albane,
1092 592 1275 627 maneres!
1299 613 1338 618 —

322 658 579 707 Raptahatque
602 660 671 695 viri
693 659 879 696 mendacis
902 662 1043 697 viscera
1061 661 1201 697 Tullus.

112 750 230 805 Quod
270 754 301 792 si
342 753 522 793 transitio
565 767 585 792 a
632 756 780 821 ”KH-‚¹1³2
822 752 870 793 ad
910 755 1031 822 ἣἾἻτΞ
1072 756 1186 794 nimis
1229 755 1397 812 abrupta
1435 756 1604 807 videtur,

109 834 185 876 levi
224 837 440 876 mutatione
473 839 490 881 Ἰ
528 838 567 877 in
601 842 634 905 ἦ
666 835 877 877 transferas
911 837 1010 878 licet.
1076 836 1190 878 Certe
1222 839 1329 879 nullo
1364 847 1478 895 pacto
1512 856 1606 897 pos-

110 920 161 960 sis
196 918 352 959 asfixam
387 923 404 964 Ἰ
438 919 495 959 vel
529 919 577 959 ad
609 919 842 976 praecedens
884 924 1013 981 1:772?
1046 920 1106 961 vel
1139 921 1188 961 ad
1221 936 1387 978 sequens
1421 928 1514 967 tm*
1545 939 1606 965 re-

108 1001 219 1043 ferre.
282 1001 481 1059 Denique,
526 1004 594 1043 vix
636 1017 736 1059 opus
778 1011 836 1044 est
875 1011 920 1044 ut
957 1019 1135 1045 moneam
1170 1004 1391 1061 Seraphim
1424 987 1512 1048 illos
1545 1008 1605 1049 vel

106 1087 241 1142 igneos
265 1084 337 1126 Dei
368 1087 582 1135 ministros,
618 1100 739 1143 quum
772 1087 916 1128 nullam
952 1091 1101 1144 agentis
1134 1090 1285 1130 ratione
1318 1091 1484 1145 praediti
1516 1106 1605 1148 per-

107 1183 243 1210 sonam
285 1171 523 1219 sustineant,
570 1185 649 1211 non
687 1185 806 1226 posse
846 1172 906 1212 vel
949 1170 1046 1212 bene
1087 1172 1147 1213 vel
1188 1173 1285 1213 male
1324 1177 1483 1223 mereri3
1532 1177 1604 1216 ita-

107 1267 182 1309 que
223 1267 304 1293 non
349 1261 508 1293 vocatos
551 1267 634 1294 csse
680 1261 840 1295 sanctos
887 1257 947 1295 sui
992 1258 1171 1311 ipsorum
1215 1271 1349 1306 causa,
1401 1257 1469 1298 sed
1511 1260 1604 1315 quia

106 1351 123 1377 e
164 1351 273 1377 sacra
311 1336 383 1377 Dei
431 1339 671 1393 praesentia,
723 1352 839 1394 quam
886 1347 944 1379 ter
991 1339 1199 1380 acclamato
1251 1336 1383 1408 ΨἾἾΡ
1432 1341 1602 1383 declara-

104 1419 219 1470 bant,
263 1429 483 1462 emanantes
527 1420 826 1463 sanctitudinem
866 1437 948 1463 non
988 1437 1098 1463 suam
1130 1423 1199 1464 sed
1230 1423 1403 1465 Jehovae
1435 1440 1528 1481 prae
1561 1441 1601 1467 se

104 1502 292 1545 ferebant.

221 1587 264 1629 In
297 1603 332 1628 v.
359 1586 383 1628 5
419 1587 639 1639 dubitatur,
683 1588 777 1645 quid
818 1591 868 1630 sit
910 1590 1129 1645 subjectum
1170 1591 1280 1632 verbi
1317 1595 1401 1636 'ir-2⁸,
1466 1591 1601 1635 Aben-

102 1671 201 1713 Esra
231 1672 413 1729 intelligit
432 1671 588 1713 sssosen.
636 1672 787 1723 Jarchi,
823 1687 937 1730 quem
969 1674 1146 1731 plerique
1171 1657 1402 1732 interpretes
1425 1691 1600 1734 sequun-

102 1763 180 1805 tur,
213 1754 414 1796 Jehovam
445 1758 575 1812 ipsum
606 1756 865 1813 significatum
900 1757 1005 1807 vult,
1040 1760 1107 1814 qui
1139 1760 1178 1799 in
1211 1762 1331 1801 veteri
1363 1761 1601 1802 Theocratia

101 1839 362 1880 Israelitarum
396 1838 470 1880 fuit
500 1854 571 1880 rex
604 1841 741 1880 unicus
776 1837 815 1893 (1
838 1839 943 1881 Sam.
966 1841 1060 1890 XII,
1089 1839 1172 1895 12).
1228 1842 1306 1884 Sed
1338 1846 1369 1884 is
1405 1846 1470 1900 qui
1493 1844 1599 1886 Deu-

103 1924 365 1963 teronomium
390 1923 615 1977 compilavit
636 1925 790 1964 venturi
816 1926 922 1980 regni
948 1925 1271 1981 significationem
1292 1926 1396 1967 Mosi
1420 1927 1599 1969 attribuit

105 2002 242 2057 (XVII,
266 2002 357 2058 14);
391 2014 429 2046 et
450 2006 512 2047 hie
534 2021 684 2055 versus,
718 2015 763 2048 ut
784 2022 903 2063 supra
927 2011 1075 2058 monui,
1111 2009 1159 2050 ad
1182 2010 1314 2066 templi
1337 2013 1598 2053 consecratio-

102 2103 189 2130 nem
212 2087 425 2131 Solomone
458 2098 643 2147 regnante
675 2092 865 2146 respicere
888 2091 1054 2133 videtur.
1104 2093 1238 2149 Itaque
1270 2093 1366 2134 ninil
1393 2094 1497 2135 aliud
1522 2110 1595 2151 pro

103 2171 279 2228 subjecto
312 2175 511 2229 posuerim
545 2188 661 2230 quam
693 2188 836 2215 nomen
868 2176 996 2232 ipsum
1023 2157 1130 2244 '5¹70
1154 2176 1262 2233 quod
1285 2177 1333 2218 ad
1354 2177 1469 2220 finem
1492 2178 1596 2220 clau-

102 2256 208 2298 sulae
242 2271 328 2297 cum
360 2258 398 2297 vi
431 2256 600 2313 quadam
631 2258 837 2315 relegatur.

219 2340 262 2381 ln
306 2340 452 2381 ultimis
493 2341 695 2382 versiculis
741 2350 859 2398 poeta
907 2350 1042 2384 noster
1088 2342 1271 2400 frequens
1313 2353 1371 2386 est
1410 2347 1449 2386 in
1490 2346 1593 2402 stylo

99 2423 262 2465 Davidis
305 2424 506 2465 imitando.
570 2425 701 2483 Imago
742 2429 884 2492 ΠἾᾨΨ
924 2420 1031 2485 Ξζᾷῆ
1072 2442 1108 2468 ν.
1142 2425 1197 2469 26
1242 2427 1448 2485 desumpta
1485 2437 1543 2470 est
1575 2444 1594 2470 e

99 2506 254 2548 Psalmo
276 2507 431 2557 XVIII„
453 2506 518 2557 10,
543 2506 607 2558 11,
631 2507 696 2549 12.
746 2508 874 2550 Habes
910 2509 1069 2550 eandem
1093 2510 1422 2566 praedicationem
1457 2508 1592 2580 ΠΞὩᾩ

100 2605 137 2630 ν.
162 2589 216 2632 27
250 2592 289 2631 in
315 2590 479 2632 Psalmis
501 2591 595 2642 XC,
624 2591 660 2633 1.
693 2590 804 2642 XCI,
830 2591 869 2634 9.
919 2592 1137 2649 Singularis
1171 2594 1317 2635 locutio
1351 2590 1476 2664 ΞΡἩῘ
1509 2576 1590 2661 Ρξὲ,

89 2672 194 2729 fons
224 2672 390 2728 Jacobi,
433 2691 470 2715 v.
503 2674 578 2725 28,
619 2675 839 2717 illustratur
869 2676 1025 2717 Psalmo
1059 2676 1276 2718 Jasharano
1310 2677 1489 2728 LXVIII,
1516 2678 1590 2720 27:

99 2738 271 2822 ‘72531'4'7
312 2752 499 2825 ulpian,
542 2773 560 2799 ο
593 2757 714 2815 fonte
744 2759 920 2801 Israelis.
983 2759 1024 2800 In
1060 2759 1216 2801 Psalmo
1248 2760 1396 2811 xvia,
1427 2760 1504 2812 31,
1548 2771 1592 2803 ιιι

99 2839 162 2881 hie
193 2818 230 2879 v..
256 2837 330 2889 29,
374 2839 480 2882 Deus
513 2850 678 2883 vocatur
710 2843 874 2900 clypeus
904 2843 1042 2899 populi
1076 2846 1157 2893 sui,
1198 2852 1314 2901 atque
1348 2844 1446 2885 idem
1479 2844 1589 2886 Psal-
