1867 3301
851 164 916 211 57

137 311 321 367 congruit
350 317 435 350 tuin
464 306 625 349 brevior
655 306 720 347 illa
752 303 960 345 declaratio
998 308 1199 361 peccatum
1233 312 1271 345 et
1300 312 1465 345 mortem
1498 317 1517 345 e
1550 318 1633 345 car-

136 396 195 437 nis
230 393 544 450 concupiscentia
574 390 837 448 profluxisse,
874 397 955 430 tum
988 397 1072 430 tota
1104 388 1198 430 haee
1230 390 1401 430 narratio
1437 387 1482 429 de
1510 390 1630 430 vetito

137 477 289 520 arboris
323 476 453 518 fructu
487 473 740 517 comedendo.
786 472 922 530 Neque
957 473 1029 514 alia
1062 481 1144 515 erat
1163 472 1444 521 Israelitarum,
1471 473 1632 528 probae

136 562 239 604 illius
271 562 455 610 nationis,
490 559 624 616 culpa,
661 560 815 615 quoties
849 573 870 598 a
895 572 988 598 vero
1012 556 1095 599 Dco
1124 556 1372 599 desciverunt
1396 558 1632 613 migrarunt-

137 661 213 703 que
244 646 366 702 legem
400 644 582 685 divinam.
630 642 728 684 Nam
752 641 848 699 quid
880 643 933 682 ait
955 656 1063 682 sacer
1083 641 1145 683 ille
1166 641 1414 684 Psahnorum
1435 640 1632 698 scriptor?

138 727 218 783 (ps.
245 728 352 779 evi,
378 727 433 771 28
449 753 495 759 .-
511 724 584 780 39)

478 831 712 869 Addixerunt
735 842 772 867 50
796 830 910 867 cultui
931 829 1192 875 Baal-Peoris,

479 905 527 942 Et
549 903 786 942 comederunt
808 902 986 939 sacrificia
1005 903 1160 939 mortuis
1184 901 1324 947 oblata3

478 977 697 1015 Polluebant
719 988 796 1013 sese
820 974 926 1012 sactis
949 976 1044 1021 suis,

481 1050 692 1089 Scortantcs
716 1061 798 1086 011111
820 1048 926 1085 idolis
950 1047 994 1085 ab
1017 1048 1105 1098 ipsis
1128 1045 1244 1084 factis.

137 1151 216 1194 Sed
248 1153 319 1193 etsi
351 1150 460 1193 facile
495 1153 688 1208 quispiam
722 1151 958 1191 concesserit
988 1148 1195 1205 phallicam
1216 1146 1483 1189 Baal-Peoris
1516 1161 1632 1190 vene-

135 1239 326 1279 rationem
358 1250 446 1276 cum
478 1234 735 1276 fornicatione
760 1235 1006 1290 conjunctam
1030 1247 1224 1274 summum
1245 1231 1365 1274 fuisse
1386 1230 1493 1274 nefas
1516 1241 1632 1289 atque

135 1319 389 1377 inexpiabile,
424 1321 672 1361 invenientur
695 1320 762 1375 qui
793 1326 975 1359 censeant
1002 1325 1202 1374 peccattnn
1226 1319 1388 1374 originis
1412 1331 1493 1359 non
1514 1331 1632 1373 posse

136 1413 314 1447 constare
346 1406 386 1445 in
419 1404 569 1445 sexuali
603 1405 799 1460 appetitu,
840 1404 987 1459 quippe
1019 1404 1086 1458 qui
1118 1401 1267 1442 homini
1299 1416 1344 1441 eo
1379 1401 1541 1457 consilio
1574 1403 1633 1442 in-

136 1492 234 1531 situs
267 1497 388 1538 esset,
421 1497 467 1529 ut
497 1502 620 1545 genus
653 1489 737 1544 ipse
770 1502 886 1528 suum
918 1485 1203 1542 multiplicaret.
1252 1485 1364 1527 Dixit
1395 1487 1496 1527 enim
1525 1485 1631 1528 Deus

137 1570 250 1627 (Gen.
273 1573 307 1623 I,
334 1569 426 1626 28):
461 1572 712 1622 »foetificate,
747 1571 1078 1629 multiplicamini,
1112 1569 1257 1626 replete
1280 1578 1441 1620 terram,
1471 1584 1632 1627 eamque

135 1657 250 1700 vobis
283 1656 518 1698 vindicate«
579 1655 737 1698 Vetitus
778 1658 897 1713 igitur
939 1654 1092 1696 arboris
1133 1653 1284 1695 fructus
1316 1657 1386 1696 vix
1424 1657 1558 1711 potuit
1592 1657 1633 1696 in

135 1757 179 1784 ea
224 1744 449 1800 gustatione
490 1742 702 1790 contineri,
753 1755 869 1797 quam
910 1755 992 1781 non
1034 1738 1153 1780 modo
1194 1753 1276 1779 non
1317 1747 1514 1789 vetuerat,
1564 1739 1634 1781 sed

136 1828 250 1868 etiam
295 1828 467 1883 praecise
507 1827 768 1882 imperaverat
810 1824 931 1866 Deus.
1006 1822 1304 1865 Obliviscuntur
1349 1825 1394 1872 ii,
1446 1825 1513 1880 qui
1556 1824 1633 1865 hoc

134 1909 254 1952 modo
287 1918 621 1967 argumentantur,
656 1924 786 1950 veram
819 1909 1059 1966 relligionem
1094 1922 1181 1948 cum
1210 1909 1459 1964 monogamia
1481 1922 1633 1964 semper

135 2009 219 2036 esse
252 2003 534 2051 comparatam,
570 1993 832 2035 idololatriam
867 2008 953 2034 cum
987 1994 1238 2033 scortatione.
1286 1989 1378 2032 Non
1410 1993 1449 2032 in
1482 1992 1632 2034 scxuali

136 2080 332 2135 appetitu,
375 2087 568 2135 quatenus
610 2077 670 2126 ad⁴
700 2077 951 2118 domesticam
993 2078 1190 2117 caritatem
1223 2084 1261 2117 et
1292 2074 1505 2117 liberorum
1537 2092 1632 2134 pro-

137 2164 371 2204 creationem
393 2165 607 2219 pertineat,
643 2161 711 2203 sed
733 2164 772 2203 in
793 2161 1038 2218 polygamia,
1074 2175 1195 2217 eaque
1218 2159 1408 2201 foeminae
1432 2159 1629 2211 fruitione,

137 2262 235 2304 quae
275 2246 324 2288 ad
355 2247 599 2304 voluptatem
639 2245 764 2287 tendit
804 2254 840 2286 et
876 2247 1190 2302 procreationem
1222 2244 1470 2301 pessumdat,
1513 2245 1633 2287 latent

135 2331 199 2372 illa
236 2333 383 2388 peccati
416 2333 574 2372 semina.
638 2330 736 2372 Rem
776 2345 848 2371 acu
886 2332 1034 2387 tetigit,
1080 2331 1152 2371 etsi
1185 2328 1290 2370 aliud
1323 2344 1462 2386 agens,
1503 2331 1633 2386 impu-

137 2414 221 2457 dica
250 2415 315 2457 illa
345 2415 483 2457 mulier
513 2414 683 2472 Populia
714 2414 837 2456 Marci
868 2414 946 2455 filia
979 2428 1105 2470 »quae
1137 2415 1293 2454 miranti
1326 2412 1497 2463 cuidam,
1536 2413 1632 2469 quid

136 2508 238 2541 esset
268 2508 511 2557 quapropter
543 2499 638 2541 aliae
668 2498 816 2541 bestiae
848 2512 1051 2555 nunquam
1083 2512 1228 2538 marem
1262 2496 1526 2538 desiderarent
1557 2499 1632 2538 nisi

137 2598 258 2640 quum
296 2592 555 2640 praegnantes
588 2584 732 2625 vellent
766 2583 869 2632 fieri,
911 2581 1135 2639 respondit:
1176 2581 1344 2623 Bestiae
1377 2581 1483 2622 enim
1513 2589 1631 2623 sunt«

138 2664 330 2720 (Macrob.
355 2666 514 2709 Saturn.
537 2667 588 2717 II,
613 2665 638 2708 5
673 2665 696 2721 ξ
723 2664 806 2720 10).
870 2666 974 2708 Haec
1005 2666 1087 2715 illa,
1128 2673 1268 2722 utpote
1298 2667 1502 2715 meretrix,
1539 2681 1632 2707 con-

135 2753 312 2808 temptim
345 2766 438 2793 ausa
472 2760 531 2794 est
561 2750 734 2802 effutire3
767 2751 837 2793 sed
868 2751 1046 2792 homines
1078 2750 1168 2807 plus
1201 2752 1314 2791 etiam
1348 2765 1464 2807 quam
1485 2749 1631 2792 bestias

137 2835 246 2877 decet
267 2835 419 2877 Venere
450 2835 653 2878 moderata
683 2837 742 2878 uti
767 2833 843 2877 οὐκ
865 2834 1063 2890 ἐρωτικῆς
1085 2832 1320 2888 ἐπιθυμίας
1343 2835 1480 2884 ἕνεκα,
1513 2829 1629 2874 dista*

135 2914 182 2960 τό
215 2917 364 2962 πλεῖον
395 2921 466 2974 τῆς
497 2918 776 2970 παιδοποιίας
806 2918 932 2976 χάριν
965 2915 1100 2973 (Diod.
1124 2917 1202 2963 Sic.
1224 2919 1292 2971 IV,
1317 2915 1382 2973 9);
1431 2927 1468 2960 et
1498 2917 1630 2960 nullus
