1867 3301
963 215 1024 260 14

248 352 300 392 ita
331 353 486 406 penitus
520 351 719 393 defossum
751 352 904 394 delituit
936 362 1063 395 tamen
1095 369 1254 405 aurum,
1295 355 1403 412 quod
1435 356 1732 413 indagatoribus

246 435 452 476 immensas
487 434 641 476 divitias
676 435 956 492 suppeditabit.

763 739 1109 790 CAPITULUM
1145 741 1212 789 ΙΙΙ.

245 852 356 890 Sacra
377 853 493 890 Biblia
522 855 716 891 immutata
745 855 1012 904 quadamtenus
1042 855 1159 892 forma
1181 856 1225 892 ad
1248 868 1314 893 nos
1336 855 1610 902 descenderunt,
1640 868 1732 905 quae

770 934 889 964 tamen
919 928 1063 963 restitui
1090 928 1218 976 possit.

366 1098 495 1153 Quum
527 1102 649 1158 igitur
670 1103 709 1142 in
741 1101 857 1143 rebus
890 1103 1049 1142 maximi
1082 1104 1286 1152 momenti,
1322 1116 1421 1158 quae
1450 1103 1489 1143 in
1512 1103 1643 1159 aprico
1668 1102 1733 1145 de-

244 1182 390 1224 bebant
420 1198 522 1233 esse,
567 1186 606 1224 in
636 1184 945 1240 Apostolorum,
981 1186 1048 1240 qui
1079 1185 1287 1241 Episeopis
1320 1187 1589 1227 auctoritatem
1620 1201 1733 1243 prae-

244 1265 436 1316 buerunt,
479 1266 703 1308 nominibus
746 1267 984 1324 digerendis,
1028 1270 1067 1309 in
1101 1265 1370 1318 ἀναστάσεως
1400 1271 1632 1310 testimoniis
1665 1285 1732 1311 ex-

244 1349 466 1406 plorandis,
514 1365 536 1390 a
584 1349 727 1407 quibus
774 1351 868 1392 fides
916 1359 1052 1392 nostra
1099 1351 1312 1407 dependet,
1361 1367 1465 1392 mera
1509 1354 1731 1408 interpretis

246 1433 445 1489 diligentia
493 1433 679 1490 quiddam
727 1434 933 1490 explorare
981 1443 1118 1490 queat,
1170 1434 1278 1490 quod
1316 1434 1517 1490 prioribus
1555 1434 1731 1476 nondum

245 1516 440 1566 suboluit,
483 1525 520 1558 et
558 1517 704 1574 largior
736 1517 1022 1573 explanationis
1065 1533 1173 1574 seges
1213 1517 1261 1558 ab
1295 1517 1584 1574 antiquioribus
1623 1517 1731 1559 libris

246 1602 393 1657 sperari
424 1615 497 1656 par
528 1602 589 1649 sit,
625 1603 803 1657 sequitur
834 1601 908 1641 alia
940 1600 1200 1642 consideratio
1234 1616 1355 1658 eaque
1387 1603 1628 1658 gravissima.
1675 1599 1732 1642 Ne

246 1685 285 1724 in
306 1682 421 1724 Novo
451 1683 607 1739 quidem
631 1683 896 1734 Testamento,
931 1684 1074 1726 nedum
1098 1686 1137 1725 in
1158 1686 1323 1726 vetustis
1345 1684 1586 1726 ,Iudaeorum
1608 1683 1729 1734 libris,

245 1768 480 1823 primitivam
502 1766 650 1823 ubique
673 1768 921 1824 possidemus
945 1776 982 1809 et
1004 1769 1269 1809 intemeratam
1292 1769 1548 1823 scriptionum
1569 1766 1730 1808 formam

246 1864 289 1890 ac
335 1852 545 1891 materiem.
619 1851 661 1891 In
707 1851 903 1907 plerisque
949 1851 1062 1892 Pauli
1110 1859 1404 1906 ceterorumque
1444 1850 1730 1906 Apostolorum

244 1932 434 1989 Epistolis
481 1949 561 1974 non
604 1942 663 1974 est
704 1948 772 1974 cur
812 1936 1056 1990 suspicemur
1097 1933 1310 1990 quidquam
1348 1935 1594 1974 immutatum
1633 1947 1729 1974 esse.

245 2016 375 2057 Pauca
406 2018 445 2057 in
477 2016 576 2058 libro
599 2016 804 2067 Actorum,
838 2019 1072 2074 paucissima
1103 2019 1142 2058 in
1169 2016 1381 2073 Evangelio
1405 2016 1568 2057 Joannis
1600 2031 1731 2057 recen-

245 2101 384 2140 tiorem
415 2115 572 2141 manum
603 2100 793 2157 produnt.
836 2100 914 2141 Sed
946 2102 1045 2141 inter
1068 2115 1201 2141 omnes
1224 2102 1389 2141 sanioris
1415 2099 1554 2156 judicii
1577 2101 1730 2141 criticos

247 2191 401 2223 constat
433 2183 556 2224 Marci
597 2184 801 2225 historiam
840 2186 880 2225 in
919 2183 993 2225 fine
1032 2184 1208 2224 mutilam
1248 2198 1350 2233 esse,
1392 2183 1520 2225 Lucae
1559 2182 1731 2224 libellum

246 2265 477 2322 farraginem
510 2281 593 2307 esse
627 2280 742 2322 quam
775 2281 796 2306 a
828 2266 991 2308 diversis
1022 2266 1188 2308 testibus
1210 2275 1412 2307 mutuatus
1435 2268 1504 2315 sit3
1538 2274 1576 2306 et
1597 2267 1628 2306 si
1650 2280 1730 2306 non

247 2351 340 2390 satis
373 2358 576 2405 appareat,
621 2357 755 2390 utrum
785 2349 908 2390 Marci
941 2351 1125 2405 synopsis
1159 2364 1257 2405 quae
1290 2351 1329 2389 in
1361 2364 1476 2390 usum
1506 2349 1730 2390 Romanen-

247 2434 347 2473 sium
380 2434 610 2473 concinnata
642 2434 703 2482 sit,
739 2447 873 2473 eorum
903 2432 1037 2488 lingua
1058 2447 1105 2472 an
1130 2431 1274 2473 Graeca
1296 2433 1477 2487 primitus
1500 2434 1551 2473 sit
1573 2434 1727 2488 scripta,

246 2530 359 2557 nemo
394 2515 548 2557 dubitat
580 2517 673 2572 quin
695 2515 884 2556 Matthaei
917 2514 1176 2565 adumbratio,
1213 2515 1336 2571 qualis
1370 2514 1419 2555 ad
1446 2530 1516 2556 nos
1539 2516 1727 2570 pervenit,

246 2598 427 2640 Aramaei
468 2601 519 2640 sit
556 2598 645 2640 libri
677 2607 831 2640 vetusta
869 2600 909 2640 in
942 2597 1130 2639 Graecum
1163 2613 1379 2640 sermonem
1410 2598 1626 2639 translatio.
1687 2596 1730 2638 Id

248 2682 392 2722 scilicet
429 2697 508 2722 uno
550 2696 617 2723 ore
658 2681 851 2723 affirmant
880 2681 1022 2737 Papias
1058 2678 1180 2737 (apud
1210 2680 1353 2722 Euseb.
1387 2680 1435 2722 H.
1468 2680 1512 2722 E.
1542 2680 1612 2730 Ill,
1642 2676 1726 2733 39),

246 2764 426 2805 Irenaeus
461 2762 613 2818 (contra
644 2765 802 2806 Haeres.
826 2765 892 2815 Ill,
928 2763 970 2814 13
1004 2779 1070 2820 pp.
1098 2763 1192 2814 173,
1222 2761 1341 2816 174),
1387 2763 1573 2819 Origenes
1607 2760 1729 2819 (apud

246 2846 390 2888 Euseb.
414 2846 462 2888 II.
485 2847 530 2888 E.
550 2848 623 2898 VI,
649 2845 734 2900 25),
768 2847 963 2889 Eusebius
987 2844 1050 2899 (H.
1075 2847 1206 2898 E.111‚
1231 2846 1299 2889 24.
1335 2845 1493 2900 Quaest.
1517 2846 1567 2887 ad
1586 2846 1726 2887 Marin.

248 2944 310 2986 ap.
333 2930 428 2971 Maii
458 2928 602 2987 Script.
626 2939 702 2972 vet.
725 2946 818 2973 nov.
843 2930 989 2972 collect.
1015 2929 1129 2972 Tom.
1152 2930 1178 2981 I,
1212 2945 1250 2987 p.
1276 2926 1362 2983 64),
1397 2937 1434 2971 et
1464 2929 1727 2985 Hieronymus
