<?xml version="1.0" encoding="UTF-8"?>
<!DOCTYPE html PUBLIC "-//W3C//DTD XHTML 1.0 Transitional//EN"
    "http://www.w3.org/TR/xhtml1/DTD/xhtml1-transitional.dtd">
<html xmlns="http://www.w3.org/1999/xhtml" xml:lang="en" lang="en">
 <head>
  <title>
</title>
<meta http-equiv="Content-Type" content="text/html;charset=utf-8" />
  <meta name='ocr-system' content='tesseract 3.04.00' />
  <meta name='ocr-capabilities' content='ocr_page ocr_carea ocr_par ocr_line ocrx_word'/>
</head>
<body>
  <div class='ocr_page' id='page_1' title='image "./jasharfragmentaa00dona_0077.png"; bbox 0 0 1867 3301; ppageno 0'>
   <div class='ocr_carea' id='block_1_1' title="bbox 841 203 868 249">
    <p class='ocr_par' dir='ltr' id='par_1_1' title="bbox 841 203 868 249">
     <span class='ocr_line' id='line_1_1' title="bbox 841 203 868 249; baseline 0 0"><span class='ocrx_word' id='word_1_1' title='bbox 841 203 868 249; x_wconf 89' lang='lat'><strong>3</strong></span> 
     </span>
    </p>
   </div>
   <div class='ocr_carea' id='block_1_2' title="bbox 103 329 1606 2652">
    <p class='ocr_par' dir='ltr' id='par_1_2' title="bbox 103 329 1606 2652">
     <span class='ocr_line' id='line_1_2' title="bbox 105 329 1602 397; baseline -0.002 -13"><span class='ocrx_word' id='word_1_2' title='bbox 105 351 233 384; x_wconf 89' lang='lat' dir='ltr'>tamen</span> <span class='ocrx_word' id='word_1_3' title='bbox 272 341 480 384; x_wconf 86' lang='lat' dir='ltr'>affirmavit</span> <span class='ocrx_word' id='word_1_4' title='bbox 519 340 705 383; x_wconf 78' lang='lat' dir='ltr'>»Sacram</span> <span class='ocrx_word' id='word_1_5' title='bbox 739 340 983 397; x_wconf 88' lang='lat' dir='ltr'>Scripturam</span> <span class='ocrx_word' id='word_1_6' title='bbox 1023 329 1153 382; x_wconf 81' lang='lat' dir='ltr'>omni&#39;a</span> <span class='ocrx_word' id='word_1_7' title='bbox 1186 342 1390 382; x_wconf 60' lang='lat' dir='ltr'>continere</span> <span class='ocrx_word' id='word_1_8' title='bbox 1423 355 1521 397; x_wconf 88' lang='lat' dir='ltr'>quae</span> <span class='ocrx_word' id='word_1_9' title='bbox 1553 340 1602 381; x_wconf 86' lang='lat' dir='ltr'>ad</span> 
     </span>
     <span class='ocr_line' id='line_1_3' title="bbox 106 423 1601 481; baseline -0.002 -14"><span class='ocrx_word' id='word_1_10' title='bbox 106 424 279 467; x_wconf 78' lang='lat' dir='ltr'>Salutem</span> <span class='ocrx_word' id='word_1_11' title='bbox 314 428 393 467; x_wconf 85' lang='lat' dir='ltr'>sint</span> <span class='ocrx_word' id='word_1_12' title='bbox 423 426 687 475; x_wconf 80' lang='lat' dir='ltr'>necessaria«;</span> <span class='ocrx_word' id='word_1_13' title='bbox 721 425 885 474; x_wconf 87' lang='lat' dir='ltr'>scilicet,</span> <span class='ocrx_word' id='word_1_14' title='bbox 920 440 1000 466; x_wconf 90' lang='lat' dir='ltr'>non</span> <span class='ocrx_word' id='word_1_15' title='bbox 1032 424 1344 481; x_wconf 88' lang='lat' dir='ltr'>unumquodque</span> <span class='ocrx_word' id='word_1_16' title='bbox 1375 423 1601 479; x_wconf 84' lang='lat' dir='ltr'>Scripturae</span> 
     </span>
     <span class='ocr_line' id='line_1_4' title="bbox 106 506 1599 565; baseline -0.002 -15"><span class='ocrx_word' id='word_1_17' title='bbox 106 508 269 551; x_wconf 83' lang='lat' dir='ltr'>verbum</span> <span class='ocrx_word' id='word_1_18' title='bbox 303 517 340 550; x_wconf 86' lang='lat' dir='ltr'>et</span> <span class='ocrx_word' id='word_1_19' title='bbox 372 508 560 565; x_wconf 83' lang='lat' dir='ltr'>syllabam</span> <span class='ocrx_word' id='word_1_20' title='bbox 593 510 865 549; x_wconf 85' lang='lat' dir='ltr'>auctoritatem</span> <span class='ocrx_word' id='word_1_21' title='bbox 898 508 1069 550; x_wconf 83' lang='lat' dir='ltr'>divinam</span> <span class='ocrx_word' id='word_1_22' title='bbox 1096 508 1170 549; x_wconf 88' lang='lat' dir='ltr'>sibi</span> <span class='ocrx_word' id='word_1_23' title='bbox 1193 510 1422 564; x_wconf 75' lang='lat' dir='ltr'>impressam</span> <span class='ocrx_word' id='word_1_24' title='bbox 1445 506 1599 556; x_wconf 85' lang='lat' dir='ltr'>habere,</span> 
     </span>
     <span class='ocr_line' id='line_1_5' title="bbox 106 590 1603 647; baseline -0.002 -13"><span class='ocrx_word' id='word_1_25' title='bbox 106 593 175 634; x_wconf 90' lang='lat' dir='ltr'>sed</span> <span class='ocrx_word' id='word_1_26' title='bbox 205 593 413 634; x_wconf 78' lang='lat' dir='ltr'>revelatam</span> <span class='ocrx_word' id='word_1_27' title='bbox 446 592 517 633; x_wconf 92' lang='lat' dir='ltr'>Dei</span> <span class='ocrx_word' id='word_1_28' title='bbox 550 592 792 634; x_wconf 81' lang='lat' dir='ltr'>voluntatem</span> <span class='ocrx_word' id='word_1_29' title='bbox 827 594 881 633; x_wconf 86' lang='lat' dir='ltr'>ita</span> <span class='ocrx_word' id='word_1_30' title='bbox 911 592 973 633; x_wconf 90' lang='lat' dir='ltr'>his</span> <span class='ocrx_word' id='word_1_31' title='bbox 1006 592 1114 633; x_wconf 87' lang='lat' dir='ltr'>libris</span> <span class='ocrx_word' id='word_1_32' title='bbox 1149 592 1358 645; x_wconf 69' lang='lat' dir='ltr'>contineri,</span> <span class='ocrx_word' id='word_1_33' title='bbox 1395 599 1466 632; x_wconf 86' lang='lat' dir='ltr'>»ut</span> <span class='ocrx_word' id='word_1_34' title='bbox 1488 590 1603 647; x_wconf 86' lang='lat' dir='ltr'>quid-</span> 
     </span>
     <span class='ocr_line' id='line_1_6' title="bbox 107 675 1603 733; baseline -0.001 -16"><span class='ocrx_word' id='word_1_35' title='bbox 107 677 202 733; x_wconf 85' lang='lat' dir='ltr'>quid</span> <span class='ocrx_word' id='word_1_36' title='bbox 241 678 281 717; x_wconf 91' lang='lat' dir='ltr'>in</span> <span class='ocrx_word' id='word_1_37' title='bbox 323 691 366 717; x_wconf 89' lang='lat' dir='ltr'>ea</span> <span class='ocrx_word' id='word_1_38' title='bbox 405 691 475 717; x_wconf 88' lang='lat' dir='ltr'>nec</span> <span class='ocrx_word' id='word_1_39' title='bbox 515 676 668 732; x_wconf 78' lang='lat' dir='ltr'>legatur</span> <span class='ocrx_word' id='word_1_40' title='bbox 706 691 832 733; x_wconf 92' lang='lat' dir='ltr'>neque</span> <span class='ocrx_word' id='word_1_41' title='bbox 872 675 962 717; x_wconf 87' lang='lat' dir='ltr'>inde</span> <span class='ocrx_word' id='word_1_42' title='bbox 1003 675 1165 731; x_wconf 87' lang='lat' dir='ltr'>probari</span> <span class='ocrx_word' id='word_1_43' title='bbox 1197 677 1344 732; x_wconf 85' lang='lat' dir='ltr'>possit,</span> <span class='ocrx_word' id='word_1_44' title='bbox 1386 690 1467 716; x_wconf 88' lang='lat' dir='ltr'>non</span> <span class='ocrx_word' id='word_1_45' title='bbox 1499 676 1603 715; x_wconf 84' lang='lat' dir='ltr'>sita</span> 
     </span>
     <span class='ocr_line' id='line_1_7' title="bbox 107 758 1603 816; baseline -0.001 -16"><span class='ocrx_word' id='word_1_46' title='bbox 107 773 306 816; x_wconf 89' lang='lat' dir='ltr'>quoquam</span> <span class='ocrx_word' id='word_1_47' title='bbox 346 759 602 816; x_wconf 80' lang='lat' dir='ltr'>exigendum,</span> <span class='ocrx_word' id='word_1_48' title='bbox 643 768 688 800; x_wconf 90' lang='lat' dir='ltr'>ut</span> <span class='ocrx_word' id='word_1_49' title='bbox 726 768 915 815; x_wconf 87' lang='lat' dir='ltr'>tanquam</span> <span class='ocrx_word' id='word_1_50' title='bbox 956 759 1143 800; x_wconf 78' lang='lat' dir='ltr'>articulus</span> <span class='ocrx_word' id='word_1_51' title='bbox 1183 758 1273 799; x_wconf 85' lang='lat' dir='ltr'>fidei</span> <span class='ocrx_word' id='word_1_52' title='bbox 1314 758 1496 799; x_wconf 85' lang='lat' dir='ltr'>credatur</span> <span class='ocrx_word' id='word_1_53' title='bbox 1535 766 1603 798; x_wconf 88' lang='lat' dir='ltr'>aut</span> 
     </span>
     <span class='ocr_line' id='line_1_8' title="bbox 106 841 1601 899; baseline -0.001 -15"><span class='ocrx_word' id='word_1_54' title='bbox 106 842 156 883; x_wconf 81' lang='lat' dir='ltr'>ad</span> <span class='ocrx_word' id='word_1_55' title='bbox 188 843 325 884; x_wconf 86' lang='lat' dir='ltr'>salutis</span> <span class='ocrx_word' id='word_1_56' title='bbox 358 845 628 884; x_wconf 84' lang='lat' dir='ltr'>necessitatem</span> <span class='ocrx_word' id='word_1_57' title='bbox 659 844 805 899; x_wconf 83' lang='lat' dir='ltr'>requiri</span> <span class='ocrx_word' id='word_1_58' title='bbox 838 850 1011 899; x_wconf 85' lang='lat' dir='ltr'>putetur.</span> <span class='ocrx_word' id='word_1_59' title='bbox 1025 858 1041 876; x_wconf 91' lang='lat'>«</span> <span class='ocrx_word' id='word_1_60' title='bbox 1104 842 1146 883; x_wconf 90' lang='lat' dir='ltr'>In</span> <span class='ocrx_word' id='word_1_61' title='bbox 1179 841 1339 883; x_wconf 88' lang='lat' dir='ltr'>eandem</span> <span class='ocrx_word' id='word_1_62' title='bbox 1372 843 1601 883; x_wconf 84' lang='lat' dir='ltr'>sententiam</span> 
     </span>
     <span class='ocr_line' id='line_1_9' title="bbox 106 925 1604 982; baseline -0.001 -14"><span class='ocrx_word' id='word_1_63' title='bbox 106 928 299 968; x_wconf 80' lang='lat' dir='ltr'>concessit</span> <span class='ocrx_word' id='word_1_64' title='bbox 338 926 510 968; x_wconf 83' lang='lat' dir='ltr'>Joannes</span> <span class='ocrx_word' id='word_1_65' title='bbox 551 926 760 982; x_wconf 81' lang='lat' dir='ltr'>Augustus</span> <span class='ocrx_word' id='word_1_66' title='bbox 792 925 967 975; x_wconf 77' lang='lat' dir='ltr'>Ernesti,</span> <span class='ocrx_word' id='word_1_67' title='bbox 1010 927 1070 967; x_wconf 86' lang='lat' dir='ltr'>vir</span> <span class='ocrx_word' id='word_1_68' title='bbox 1111 925 1404 975; x_wconf 89' lang='lat' dir='ltr'>celeberrimus,</span> <span class='ocrx_word' id='word_1_69' title='bbox 1447 927 1514 981; x_wconf 90' lang='lat' dir='ltr'>qui</span> <span class='ocrx_word' id='word_1_70' title='bbox 1555 925 1604 966; x_wconf 80' lang='lat' dir='ltr'>ad</span> 
     </span>
     <span class='ocr_line' id='line_1_10' title="bbox 106 1008 1602 1067; baseline -0.001 -16"><span class='ocrx_word' id='word_1_71' title='bbox 106 1009 328 1067; x_wconf 78' lang='lat' dir='ltr'>theologiae</span> <span class='ocrx_word' id='word_1_72' title='bbox 360 1009 514 1051; x_wconf 85' lang='lat' dir='ltr'>laudem</span> <span class='ocrx_word' id='word_1_73' title='bbox 546 1010 743 1066; x_wconf 87' lang='lat' dir='ltr'>politioris</span> <span class='ocrx_word' id='word_1_74' title='bbox 776 1009 1031 1050; x_wconf 86' lang='lat' dir='ltr'>humanitatis</span> <span class='ocrx_word' id='word_1_75' title='bbox 1065 1009 1182 1050; x_wconf 88' lang='lat' dir='ltr'>decus</span> <span class='ocrx_word' id='word_1_76' title='bbox 1207 1008 1366 1065; x_wconf 72' lang='lat' dir='ltr'>adjecit,</span> <span class='ocrx_word' id='word_1_77' title='bbox 1400 1011 1453 1049; x_wconf 86' lang='lat' dir='ltr'>ait</span> <span class='ocrx_word' id='word_1_78' title='bbox 1480 1010 1602 1049; x_wconf 87' lang='lat' dir='ltr'>enim:</span> 
     </span>
     <span class='ocr_line' id='line_1_11' title="bbox 109 1091 1603 1149; baseline -0.001 -15"><span class='ocrx_word' id='word_1_79' title='bbox 109 1095 401 1134; x_wconf 79' lang='lat' dir='ltr'>»testimonium</span> <span class='ocrx_word' id='word_1_80' title='bbox 435 1102 563 1135; x_wconf 88' lang='lat' dir='ltr'>autem</span> <span class='ocrx_word' id='word_1_81' title='bbox 595 1093 691 1134; x_wconf 91' lang='lat' dir='ltr'>illud</span> <span class='ocrx_word' id='word_1_82' title='bbox 715 1091 888 1149; x_wconf 79' lang='lat' dir='ltr'>Spiritus</span> <span class='ocrx_word' id='word_1_83' title='bbox 913 1092 1068 1143; x_wconf 80' lang='lat' dir='ltr'>Sancti,</span> <span class='ocrx_word' id='word_1_84' title='bbox 1103 1108 1184 1134; x_wconf 91' lang='lat' dir='ltr'>non</span> <span class='ocrx_word' id='word_1_85' title='bbox 1216 1092 1467 1149; x_wconf 77' lang='lat' dir='ltr'>intelligimus</span> <span class='ocrx_word' id='word_1_86' title='bbox 1495 1092 1603 1149; x_wconf 89' lang='lat' dir='ltr'>quod</span> 
     </span>
     <span class='ocr_line' id='line_1_12' title="bbox 107 1175 1603 1231; baseline 0 -14"><span class='ocrx_word' id='word_1_87' title='bbox 107 1178 159 1217; x_wconf 88' lang='lat' dir='ltr'>sit</span> <span class='ocrx_word' id='word_1_88' title='bbox 191 1178 230 1217; x_wconf 89' lang='grc'>111</span> <span class='ocrx_word' id='word_1_89' title='bbox 261 1177 404 1231; x_wconf 66' lang='lat' dir='ltr'>verbis,</span> <span class='ocrx_word' id='word_1_90' title='bbox 439 1176 508 1218; x_wconf 89' lang='lat' dir='ltr'>sed</span> <span class='ocrx_word' id='word_1_91' title='bbox 540 1179 579 1218; x_wconf 92' lang='lat' dir='ltr'>in</span> <span class='ocrx_word' id='word_1_92' title='bbox 610 1177 742 1230; x_wconf 74' lang='lat' dir='ltr'>rebus,</span> <span class='ocrx_word' id='word_1_93' title='bbox 776 1192 856 1218; x_wconf 91' lang='lat' dir='ltr'>non</span> <span class='ocrx_word' id='word_1_94' title='bbox 890 1177 1059 1218; x_wconf 73' lang='lat' dir='ltr'>dicentis</span> <span class='ocrx_word' id='word_1_95' title='bbox 1089 1175 1211 1217; x_wconf 88' lang='lat' dir='ltr'>libros</span> <span class='ocrx_word' id='word_1_96' title='bbox 1241 1176 1316 1217; x_wconf 86' lang='lat' dir='ltr'>hos</span> <span class='ocrx_word' id='word_1_97' title='bbox 1344 1191 1427 1217; x_wconf 84' lang='lat' dir='ltr'>esse</span> <span class='ocrx_word' id='word_1_98' title='bbox 1451 1176 1603 1217; x_wconf 78' lang='lat' dir='ltr'>(livinae</span> 
     </span>
     <span class='ocr_line' id='line_1_13' title="bbox 109 1259 1602 1316; baseline 0.001 -16"><span class='ocrx_word' id='word_1_99' title='bbox 109 1261 271 1316; x_wconf 83' lang='lat' dir='ltr'>originis</span> <span class='ocrx_word' id='word_1_100' title='bbox 304 1268 342 1301; x_wconf 86' lang='lat' dir='ltr'>et</span> <span class='ocrx_word' id='word_1_101' title='bbox 373 1262 640 1310; x_wconf 80' lang='lat' dir='ltr'>auctoritatis,</span> <span class='ocrx_word' id='word_1_102' title='bbox 675 1259 745 1300; x_wconf 89' lang='lat' dir='ltr'>sed</span> <span class='ocrx_word' id='word_1_103' title='bbox 777 1261 934 1315; x_wconf 62' lang='lat' dir='ltr'>ayentzsss</span> <span class='ocrx_word' id='word_1_104' title='bbox 964 1262 1003 1301; x_wconf 89' lang='lat' dir='ltr'>in</span> <span class='ocrx_word' id='word_1_105' title='bbox 1025 1260 1229 1301; x_wconf 89' lang='lat' dir='ltr'>hominum</span> <span class='ocrx_word' id='word_1_106' title='bbox 1252 1262 1409 1310; x_wconf 84' lang='lat' dir='ltr'>animis,</span> <span class='ocrx_word' id='word_1_107' title='bbox 1443 1275 1514 1316; x_wconf 89' lang='lat' dir='ltr'>per</span> <span class='ocrx_word' id='word_1_108' title='bbox 1535 1274 1602 1301; x_wconf 88' lang='lat' dir='ltr'>eos</span> 
     </span>
     <span class='ocr_line' id='line_1_14' title="bbox 107 1343 1603 1400; baseline 0.001 -17"><span class='ocrx_word' id='word_1_109' title='bbox 107 1343 229 1384; x_wconf 88' lang='lat' dir='ltr'>libros</span> <span class='ocrx_word' id='word_1_110' title='bbox 269 1343 389 1385; x_wconf 87' lang='lat' dir='ltr'>lectos</span> <span class='ocrx_word' id='word_1_111' title='bbox 422 1344 482 1384; x_wconf 85' lang='lat' dir='ltr'>vel</span> <span class='ocrx_word' id='word_1_112' title='bbox 524 1343 701 1393; x_wconf 83' lang='lat' dir='ltr'>auditos,</span> <span class='ocrx_word' id='word_1_113' title='bbox 744 1351 782 1384; x_wconf 88' lang='lat' dir='ltr'>et</span> <span class='ocrx_word' id='word_1_114' title='bbox 823 1358 889 1384; x_wconf 89' lang='lat' dir='ltr'>eos</span> <span class='ocrx_word' id='word_1_115' title='bbox 923 1358 1061 1384; x_wconf 90' lang='lat' dir='ltr'>sensus</span> <span class='ocrx_word' id='word_1_116' title='bbox 1094 1352 1303 1400; x_wconf 87' lang='lat' dir='ltr'>motusque</span> <span class='ocrx_word' id='word_1_117' title='bbox 1337 1346 1493 1393; x_wconf 82' lang='lat' dir='ltr'>cientis,</span> <span class='ocrx_word' id='word_1_118' title='bbox 1536 1345 1603 1400; x_wconf 90' lang='lat' dir='ltr'>qui</span> 
     </span>
     <span class='ocr_line' id='line_1_15' title="bbox 109 1426 1604 1484; baseline 0 -16"><span class='ocrx_word' id='word_1_119' title='bbox 109 1426 351 1468; x_wconf 79' lang='lat' dir='ltr'>divinitatem</span> <span class='ocrx_word' id='word_1_120' title='bbox 385 1442 541 1477; x_wconf 88' lang='lat' dir='ltr'>eorum,</span> <span class='ocrx_word' id='word_1_121' title='bbox 577 1441 675 1484; x_wconf 87' lang='lat' dir='ltr'>quae</span> <span class='ocrx_word' id='word_1_122' title='bbox 707 1427 873 1483; x_wconf 79' lang='lat' dir='ltr'>legerint</span> <span class='ocrx_word' id='word_1_123' title='bbox 896 1427 957 1467; x_wconf 87' lang='lat' dir='ltr'>vel</span> <span class='ocrx_word' id='word_1_124' title='bbox 989 1426 1204 1476; x_wconf 83' lang='lat' dir='ltr'>audierint,</span> <span class='ocrx_word' id='word_1_125' title='bbox 1238 1429 1292 1467; x_wconf 87' lang='lat' dir='ltr'>ita</span> <span class='ocrx_word' id='word_1_126' title='bbox 1317 1426 1518 1467; x_wconf 73' lang='lat' dir='ltr'>manifeste</span> <span class='ocrx_word' id='word_1_127' title='bbox 1542 1442 1604 1468; x_wconf 87' lang='lat' dir='ltr'>ar-</span> 
     </span>
     <span class='ocr_line' id='line_1_16' title="bbox 107 1509 1603 1567; baseline 0 -16"><span class='ocrx_word' id='word_1_128' title='bbox 107 1519 250 1567; x_wconf 80' lang='lat' dir='ltr'>guant,</span> <span class='ocrx_word' id='word_1_129' title='bbox 285 1519 330 1551; x_wconf 87' lang='lat' dir='ltr'>ut</span> <span class='ocrx_word' id='word_1_130' title='bbox 363 1509 619 1551; x_wconf 83' lang='lat' dir='ltr'>dubitationis</span> <span class='ocrx_word' id='word_1_131' title='bbox 652 1510 750 1551; x_wconf 89' lang='lat' dir='ltr'>nihil</span> <span class='ocrx_word' id='word_1_132' title='bbox 781 1511 1044 1567; x_wconf 87' lang='lat' dir='ltr'>relinquatur,</span> <span class='ocrx_word' id='word_1_133' title='bbox 1081 1512 1208 1566; x_wconf 90' lang='lat' dir='ltr'>sitque</span> <span class='ocrx_word' id='word_1_134' title='bbox 1240 1510 1488 1551; x_wconf 84' lang='lat' dir='ltr'>manifestum</span> <span class='ocrx_word' id='word_1_135' title='bbox 1521 1525 1603 1551; x_wconf 88' lang='lat' dir='ltr'>eam</span> 
     </span>
     <span class='ocr_line' id='line_1_17' title="bbox 108 1590 1602 1651; baseline 0 -17"><span class='ocrx_word' id='word_1_136' title='bbox 108 1596 185 1634; x_wconf 91' lang='lat' dir='ltr'>vim</span> <span class='ocrx_word' id='word_1_137' title='bbox 209 1608 291 1636; x_wconf 88' lang='lat' dir='ltr'>esse</span> <span class='ocrx_word' id='word_1_138' title='bbox 313 1594 485 1635; x_wconf 87' lang='lat' dir='ltr'>humana</span> <span class='ocrx_word' id='word_1_139' title='bbox 505 1595 692 1650; x_wconf 88' lang='lat' dir='ltr'>majorem</span> <span class='ocrx_word' id='word_1_140' title='bbox 715 1602 753 1636; x_wconf 93' lang='lat' dir='ltr'>et</span> <span class='ocrx_word' id='word_1_141' title='bbox 774 1594 857 1635; x_wconf 88' lang='lat' dir='ltr'>Deo</span> <span class='ocrx_word' id='word_1_142' title='bbox 881 1596 956 1651; x_wconf 89' lang='lat' dir='ltr'>ipsi</span> <span class='ocrx_word' id='word_1_143' title='bbox 978 1593 1251 1635; x_wconf 81' lang='lat' dir='ltr'>tribuendam«</span> <span class='ocrx_word' id='word_1_144' title='bbox 1277 1590 1442 1650; x_wconf 90' lang='lat' dir='ltr'>(Opusc.</span> <span class='ocrx_word' id='word_1_145' title='bbox 1462 1594 1602 1635; x_wconf 90' lang='lat' dir='ltr'>Theol.</span> 
     </span>
     <span class='ocr_line' id='line_1_18' title="bbox 107 1675 1604 1735; baseline 0 -17"><span class='ocrx_word' id='word_1_146' title='bbox 107 1692 146 1734; x_wconf 90' lang='lat' dir='ltr'>p.</span> <span class='ocrx_word' id='word_1_147' title='bbox 170 1675 287 1731; x_wconf 87' lang='grc'><strong>610).</strong></span> <span class='ocrx_word' id='word_1_148' title='bbox 334 1678 466 1734; x_wconf 88' lang='lat' dir='ltr'>lpsum</span> <span class='ocrx_word' id='word_1_149' title='bbox 490 1677 631 1719; x_wconf 85' lang='lat' dir='ltr'>Sacrae</span> <span class='ocrx_word' id='word_1_150' title='bbox 655 1677 882 1735; x_wconf 88' lang='lat' dir='ltr'>Scripturae</span> <span class='ocrx_word' id='word_1_151' title='bbox 915 1692 1103 1719; x_wconf 87' lang='lat' dir='ltr'>canonem</span> <span class='ocrx_word' id='word_1_152' title='bbox 1128 1679 1168 1718; x_wconf 91' lang='lat' dir='ltr'>in</span> <span class='ocrx_word' id='word_1_153' title='bbox 1189 1693 1234 1719; x_wconf 84' lang='lat' dir='ltr'>eo</span> <span class='ocrx_word' id='word_1_154' title='bbox 1259 1679 1471 1719; x_wconf 83' lang='lat' dir='ltr'>consistere</span> <span class='ocrx_word' id='word_1_155' title='bbox 1495 1677 1604 1734; x_wconf 87' lang='lat' dir='ltr'>quod</span> 
     </span>
     <span class='ocr_line' id='line_1_19' title="bbox 106 1761 1605 1818; baseline 0.001 -17"><span class='ocrx_word' id='word_1_156' title='bbox 106 1761 348 1817; x_wconf 79' lang='lat' dir='ltr'>relligiosum</span> <span class='ocrx_word' id='word_1_157' title='bbox 388 1761 634 1803; x_wconf 88' lang='lat' dir='ltr'>diversorum</span> <span class='ocrx_word' id='word_1_158' title='bbox 676 1761 867 1803; x_wconf 87' lang='lat' dir='ltr'>librorum</span> <span class='ocrx_word' id='word_1_159' title='bbox 907 1770 1181 1818; x_wconf 81' lang='lat' dir='ltr'>argumentum</span> <span class='ocrx_word' id='word_1_160' title='bbox 1219 1776 1339 1802; x_wconf 90' lang='lat' dir='ltr'>unum</span> <span class='ocrx_word' id='word_1_161' title='bbox 1374 1764 1425 1803; x_wconf 91' lang='lat' dir='ltr'>sit</span> <span class='ocrx_word' id='word_1_162' title='bbox 1456 1770 1494 1803; x_wconf 88' lang='lat' dir='ltr'>et</span> <span class='ocrx_word' id='word_1_163' title='bbox 1525 1763 1605 1802; x_wconf 90' lang='lat' dir='ltr'>sin-</span> 
     </span>
     <span class='ocr_line' id='line_1_20' title="bbox 107 1844 1605 1902; baseline 0 -17"><span class='ocrx_word' id='word_1_164' title='bbox 107 1845 262 1900; x_wconf 82' lang='lat' dir='ltr'>gulare,</span> <span class='ocrx_word' id='word_1_165' title='bbox 298 1844 408 1901; x_wconf 91' lang='lat' dir='ltr'>quod</span> <span class='ocrx_word' id='word_1_166' title='bbox 438 1860 508 1901; x_wconf 91' lang='lat' dir='ltr'>per</span> <span class='ocrx_word' id='word_1_167' title='bbox 539 1854 667 1887; x_wconf 88' lang='lat' dir='ltr'>totum</span> <span class='ocrx_word' id='word_1_168' title='bbox 694 1845 920 1902; x_wconf 88' lang='lat' dir='ltr'>Scripturae</span> <span class='ocrx_word' id='word_1_169' title='bbox 953 1860 1097 1902; x_wconf 88' lang='lat' dir='ltr'>corpus</span> <span class='ocrx_word' id='word_1_170' title='bbox 1131 1854 1343 1887; x_wconf 85' lang='lat' dir='ltr'>concentus</span> <span class='ocrx_word' id='word_1_171' title='bbox 1377 1845 1535 1901; x_wconf 88' lang='lat' dir='ltr'>quidam</span> <span class='ocrx_word' id='word_1_172' title='bbox 1568 1854 1605 1885; x_wconf 86' lang='lat' dir='ltr'>et</span> 
     </span>
     <span class='ocr_line' id='line_1_21' title="bbox 108 1927 1601 1985; baseline 0 -17"><span class='ocrx_word' id='word_1_173' title='bbox 108 1927 313 1969; x_wconf 86' lang='lat' dir='ltr'>harmonia</span> <span class='ocrx_word' id='word_1_174' title='bbox 352 1928 501 1985; x_wconf 87' lang='lat' dir='ltr'>ubique</span> <span class='ocrx_word' id='word_1_175' title='bbox 541 1937 745 1985; x_wconf 81' lang='lat' dir='ltr'>appareat,</span> <span class='ocrx_word' id='word_1_176' title='bbox 786 1929 826 1970; x_wconf 92' lang='lat' dir='ltr'>id</span> <span class='ocrx_word' id='word_1_177' title='bbox 860 1929 1096 1985; x_wconf 86' lang='lat' dir='ltr'>jampridem</span> <span class='ocrx_word' id='word_1_178' title='bbox 1136 1937 1303 1970; x_wconf 85' lang='lat' dir='ltr'>testatus</span> <span class='ocrx_word' id='word_1_179' title='bbox 1344 1937 1402 1969; x_wconf 90' lang='lat' dir='ltr'>est</span> <span class='ocrx_word' id='word_1_180' title='bbox 1441 1928 1601 1968; x_wconf 86' lang='lat' dir='ltr'>Patrum</span> 
     </span>
     <span class='ocr_line' id='line_1_22' title="bbox 107 2011 1606 2068; baseline 0.001 -17"><span class='ocrx_word' id='word_1_181' title='bbox 107 2011 223 2068; x_wconf 81' lang='lat' dir='ltr'>longe</span> <span class='ocrx_word' id='word_1_182' title='bbox 261 2011 530 2062; x_wconf 87' lang='lat' dir='ltr'>doctissimus,</span> <span class='ocrx_word' id='word_1_183' title='bbox 575 2011 753 2054; x_wconf 88' lang='lat' dir='ltr'>Clemens</span> <span class='ocrx_word' id='word_1_184' title='bbox 785 2012 1091 2054; x_wconf 80' lang='lat' dir='ltr'>Alexandrinus.</span> <span class='ocrx_word' id='word_1_185' title='bbox 1155 2011 1253 2052; x_wconf 89' lang='lat' dir='ltr'>Nam</span> <span class='ocrx_word' id='word_1_186' title='bbox 1292 2020 1505 2068; x_wconf 86' lang='lat' dir='ltr'>postquam</span> <span class='ocrx_word' id='word_1_187' title='bbox 1545 2013 1606 2052; x_wconf 75' lang='lat' dir='ltr'>in-</span> 
     </span>
     <span class='ocr_line' id='line_1_23' title="bbox 103 2091 1604 2151; baseline 0.001 -17"><span class='ocrx_word' id='word_1_188' title='bbox 103 2093 262 2148; x_wconf 87' lang='lat' dir='ltr'>jecisset</span> <span class='ocrx_word' id='word_1_189' title='bbox 301 2091 474 2147; x_wconf 86' lang='lat' dir='ltr'>(Strom.</span> <span class='ocrx_word' id='word_1_190' title='bbox 496 2095 569 2145; x_wconf 90' lang='lat' dir='ltr'>Vl,</span> <span class='ocrx_word' id='word_1_191' title='bbox 599 2110 639 2151; x_wconf 86' lang='lat' dir='ltr'>p.</span> <span class='ocrx_word' id='word_1_192' title='bbox 668 2093 752 2137; x_wconf 80' lang='grc'>803</span> <span class='ocrx_word' id='word_1_193' title='bbox 785 2092 960 2148; x_wconf 87' lang='lat' dir='ltr'>Potter.)</span> <span class='ocrx_word' id='word_1_194' title='bbox 994 2097 1277 2151; x_wconf 87' lang='lat' dir='ltr'>scripturarum</span> <span class='ocrx_word' id='word_1_195' title='bbox 1311 2095 1457 2151; x_wconf 79' lang='lat' dir='ltr'>stylum</span> <span class='ocrx_word' id='word_1_196' title='bbox 1490 2110 1604 2151; x_wconf 88' lang='lat' dir='ltr'>para-</span> 
     </span>
     <span class='ocr_line' id='line_1_24' title="bbox 108 2175 1603 2228; baseline 0.001 -11"><span class='ocrx_word' id='word_1_197' title='bbox 108 2175 280 2218; x_wconf 89' lang='lat' dir='ltr'>bolicum</span> <span class='ocrx_word' id='word_1_198' title='bbox 322 2192 426 2228; x_wconf 86' lang='lat' dir='ltr'>esse,</span> <span class='ocrx_word' id='word_1_199' title='bbox 470 2187 508 2219; x_wconf 85' lang='lat' dir='ltr'>et</span> <span class='ocrx_word' id='word_1_200' title='bbox 543 2178 713 2219; x_wconf 85' lang='lat' dir='ltr'>divinam</span> <span class='ocrx_word' id='word_1_201' title='bbox 753 2180 793 2220; x_wconf 92' lang='lat' dir='ltr'>in</span> <span class='ocrx_word' id='word_1_202' title='bbox 832 2179 893 2220; x_wconf 88' lang='lat' dir='ltr'>his</span> <span class='ocrx_word' id='word_1_203' title='bbox 926 2178 1035 2220; x_wconf 87' lang='lat' dir='ltr'>libris</span> <span class='ocrx_word' id='word_1_204' title='bbox 1069 2181 1269 2221; x_wconf 87' lang='lat' dir='ltr'>veritatem</span> <span class='ocrx_word' id='word_1_205' title='bbox 1301 2179 1603 2220; x_wconf 87' lang='lat' dir='ltr'>translationum</span> 
     </span>
     <span class='ocr_line' id='line_1_25' title="bbox 110 2261 1601 2319; baseline 0.002 -18"><span class='ocrx_word' id='word_1_206' title='bbox 110 2262 222 2316; x_wconf 89' lang='lat' dir='ltr'>quasi</span> <span class='ocrx_word' id='word_1_207' title='bbox 254 2261 468 2302; x_wconf 90' lang='lat' dir='ltr'>involucris</span> <span class='ocrx_word' id='word_1_208' title='bbox 501 2263 598 2318; x_wconf 80' lang='lat' dir='ltr'>tegi,</span> <span class='ocrx_word' id='word_1_209' title='bbox 640 2261 749 2303; x_wconf 86' lang='lat' dir='ltr'>addit</span> <span class='ocrx_word' id='word_1_210' title='bbox 780 2262 861 2303; x_wconf 89' lang='lat' dir='ltr'>ille:</span> <span class='ocrx_word' id='word_1_211' title='bbox 904 2262 999 2303; x_wconf 81' lang='lat' dir='ltr'>»sed</span> <span class='ocrx_word' id='word_1_212' title='bbox 1032 2264 1190 2316; x_wconf 69' lang='lat' dir='ltr'>onmia,</span> <span class='ocrx_word' id='word_1_213' title='bbox 1222 2265 1353 2319; x_wconf 86' lang='lat' dir='ltr'>inquit</span> <span class='ocrx_word' id='word_1_214' title='bbox 1384 2261 1601 2319; x_wconf 86' lang='lat' dir='ltr'>Scriptura,</span> 
     </span>
     <span class='ocr_line' id='line_1_26' title="bbox 108 2343 1599 2402; baseline 0.002 -18"><span class='ocrx_word' id='word_1_215' title='bbox 108 2350 220 2385; x_wconf 77' lang='lat' dir='ltr'>recta</span> <span class='ocrx_word' id='word_1_216' title='bbox 258 2351 352 2385; x_wconf 72' lang='lat' dir='ltr'>sunt</span> <span class='ocrx_word' id='word_1_217' title='bbox 389 2360 529 2387; x_wconf 76' lang='lat' dir='ltr'>coram</span> <span class='ocrx_word' id='word_1_218' title='bbox 567 2346 618 2386; x_wconf 56' lang='grc' dir='ltr'>ἱεὶς</span> <span class='ocrx_word' id='word_1_219' title='bbox 654 2347 725 2402; x_wconf 73' lang='lat' dir='ltr'>qui</span> <span class='ocrx_word' id='word_1_220' title='bbox 754 2346 984 2401; x_wconf 68' lang='lat' dir='ltr'>intellifflmt</span> <span class='ocrx_word' id='word_1_221' title='bbox 1015 2343 1151 2399; x_wconf 89' lang='lat' dir='ltr'>(Prov.</span> <span class='ocrx_word' id='word_1_222' title='bbox 1176 2347 1282 2396; x_wconf 82' lang='lat' dir='ltr'>Vlll,</span> <span class='ocrx_word' id='word_1_223' title='bbox 1316 2344 1381 2398; x_wconf 88' lang='grc'>9),</span> <span class='ocrx_word' id='word_1_224' title='bbox 1424 2347 1500 2387; x_wconf 88' lang='lat' dir='ltr'>hoc</span> <span class='ocrx_word' id='word_1_225' title='bbox 1532 2355 1599 2396; x_wconf 84' lang='lat' dir='ltr'>est,</span> 
     </span>
     <span class='ocr_line' id='line_1_27' title="bbox 110 2426 1604 2485; baseline 0.001 -17"><span class='ocrx_word' id='word_1_226' title='bbox 110 2426 293 2469; x_wconf 87' lang='lat' dir='ltr'>omnibus</span> <span class='ocrx_word' id='word_1_227' title='bbox 326 2430 393 2484; x_wconf 93' lang='lat' dir='ltr'>qui</span> <span class='ocrx_word' id='word_1_228' title='bbox 425 2427 473 2469; x_wconf 89' lang='lat' dir='ltr'>ab</span> <span class='ocrx_word' id='word_1_229' title='bbox 505 2431 592 2485; x_wconf 85' lang='lat' dir='ltr'>ipso</span> <span class='ocrx_word' id='word_1_230' title='bbox 625 2426 830 2482; x_wconf 87' lang='lat' dir='ltr'>[Domino]</span> <span class='ocrx_word' id='word_1_231' title='bbox 864 2429 1095 2471; x_wconf 89' lang='lat' dir='ltr'>declaratam</span> <span class='ocrx_word' id='word_1_232' title='bbox 1119 2429 1412 2485; x_wconf 87' lang='lat' dir='ltr'>Seripturarum</span> <span class='ocrx_word' id='word_1_233' title='bbox 1445 2432 1604 2485; x_wconf 85' lang='lat' dir='ltr'>exposi-</span> 
     </span>
     <span class='ocr_line' id='line_1_28' title="bbox 108 2512 1604 2570; baseline 0.002 -19"><span class='ocrx_word' id='word_1_234' title='bbox 108 2512 255 2551; x_wconf 88' lang='lat' dir='ltr'>tionem</span> <span class='ocrx_word' id='word_1_235' title='bbox 295 2525 343 2552; x_wconf 81' lang='lat' dir='ltr'>ex</span> <span class='ocrx_word' id='word_1_236' title='bbox 385 2512 655 2554; x_wconf 72' lang='lat' dir='ltr'>ecclesiastica</span> <span class='ocrx_word' id='word_1_237' title='bbox 690 2513 835 2569; x_wconf 67' lang='lat' dir='ltr'>reyula</span> <span class='ocrx_word' id='word_1_238' title='bbox 866 2515 1097 2570; x_wconf 87' lang='lat' dir='ltr'>accipientes</span> <span class='ocrx_word' id='word_1_239' title='bbox 1133 2521 1378 2555; x_wconf 88' lang='lat' dir='ltr'>conservant.</span> <span class='ocrx_word' id='word_1_240' title='bbox 1440 2513 1604 2568; x_wconf 69' lang='lat' dir='ltr'>Beyula</span> 
     </span>
     <span class='ocr_line' id='line_1_29' title="bbox 111 2595 1604 2652; baseline 0.001 -18"><span class='ocrx_word' id='word_1_241' title='bbox 111 2601 239 2635; x_wconf 90' lang='lat' dir='ltr'>autem</span> <span class='ocrx_word' id='word_1_242' title='bbox 273 2595 542 2637; x_wconf 70' lang='lat' dir='ltr'>ecclesiastiea</span> <span class='ocrx_word' id='word_1_243' title='bbox 580 2604 638 2636; x_wconf 90' lang='lat' dir='ltr'>est</span> <span class='ocrx_word' id='word_1_244' title='bbox 678 2605 889 2638; x_wconf 86' lang='lat' dir='ltr'>concentus</span> <span class='ocrx_word' id='word_1_245' title='bbox 927 2605 964 2638; x_wconf 89' lang='lat' dir='ltr'>et</span> <span class='ocrx_word' id='word_1_246' title='bbox 995 2598 1201 2638; x_wconf 86' lang='lat' dir='ltr'>consensio</span> <span class='ocrx_word' id='word_1_247' title='bbox 1234 2596 1408 2652; x_wconf 77' lang='lat' dir='ltr'>legisque</span> <span class='ocrx_word' id='word_1_248' title='bbox 1442 2604 1479 2637; x_wconf 91' lang='lat' dir='ltr'>et</span> <span class='ocrx_word' id='word_1_249' title='bbox 1510 2611 1604 2651; x_wconf 86' lang='lat' dir='ltr'>pro-</span> 
     </span>
    </p>
   </div>
   <div class='ocr_carea' id='block_1_3' title="bbox 110 2676 1602 2736">
    <p class='ocr_par' dir='ltr' id='par_1_3' title="bbox 110 2676 1602 2736">
     <span class='ocr_line' id='line_1_30' title="bbox 110 2676 1602 2736; baseline 0.002 -19"><span class='ocrx_word' id='word_1_250' title='bbox 110 2676 317 2732; x_wconf 83' lang='lat' dir='ltr'>phetarum</span> <span class='ocrx_word' id='word_1_251' title='bbox 350 2693 437 2720; x_wconf 88' lang='lat' dir='ltr'>cum</span> <span class='ocrx_word' id='word_1_252' title='bbox 468 2687 700 2721; x_wconf 88' lang='lat' dir='ltr'>testamento</span> <span class='ocrx_word' id='word_1_253' title='bbox 735 2679 843 2736; x_wconf 89' lang='lat' dir='ltr'>quod</span> <span class='ocrx_word' id='word_1_254' title='bbox 874 2695 944 2736; x_wconf 89' lang='lat' dir='ltr'>per</span> <span class='ocrx_word' id='word_1_255' title='bbox 970 2680 1129 2722; x_wconf 89' lang='lat' dir='ltr'>Domini</span> <span class='ocrx_word' id='word_1_256' title='bbox 1162 2679 1374 2721; x_wconf 87' lang='lat' dir='ltr'>adventum</span> <span class='ocrx_word' id='word_1_257' title='bbox 1405 2679 1602 2720; x_wconf 80' lang='lat' dir='ltr'>traditur«</span> 
     </span>
    </p>
   </div>
   <div class='ocr_carea' id='block_1_4' title="bbox 111 2869 1604 2985">
    <p class='ocr_par' dir='ltr' id='par_1_4' title="bbox 111 2869 1604 2985">
     <span class='ocr_line' id='line_1_31' title="bbox 112 2869 1604 2920; baseline 0.002 -16"><span class='ocrx_word' id='word_1_258' title='bbox 112 2870 194 2919; x_wconf 68' lang='grc' dir='ltr'>ἱερά</span> <span class='ocrx_word' id='word_1_259' title='bbox 218 2870 415 2919; x_wconf 73' lang='grc' dir='ltr'>γράμματα</span> <span class='ocrx_word' id='word_1_260' title='bbox 439 2869 479 2906; x_wconf 79' lang='grc' dir='ltr'>πὶ</span> <span class='ocrx_word' id='word_1_261' title='bbox 505 2871 688 2919; x_wconf 70' lang='grc' dir='ltr'><em>δυνάμενά</em></span> <span class='ocrx_word' id='word_1_262' title='bbox 714 2882 750 2908; x_wconf 88' lang='grc' dir='ltr'>σε</span> <span class='ocrx_word' id='word_1_263' title='bbox 775 2876 935 2920; x_wconf 70' lang='grc' dir='ltr'><strong><em>σοφίσαι,</em></strong></span> <span class='ocrx_word' id='word_1_264' title='bbox 964 2872 1055 2920; x_wconf 88' lang='lat' dir='ltr'>quod</span> <span class='ocrx_word' id='word_1_265' title='bbox 1082 2874 1182 2908; x_wconf 81' lang='lat' dir='ltr'>istam</span> <span class='ocrx_word' id='word_1_266' title='bbox 1208 2873 1492 2920; x_wconf 79' lang='lat' dir='ltr'>praedicationem</span> <span class='ocrx_word' id='word_1_267' title='bbox 1513 2873 1604 2919; x_wconf 67' lang='grc' dir='ltr'>ὠφέ-</span> 
     </span>
     <span class='ocr_line' id='line_1_32' title="bbox 111 2935 836 2985; baseline 0.004 -15"><span class='ocrx_word' id='word_1_268' title='bbox 111 2937 212 2982; x_wconf 82' lang='grc' dir='ltr'><strong><em>λιμος</em></strong></span> <span class='ocrx_word' id='word_1_269' title='bbox 235 2935 322 2985; x_wconf 79' lang='grc' dir='ltr'><em>πρὸς</em></span> <span class='ocrx_word' id='word_1_270' title='bbox 348 2937 581 2972; x_wconf 67' lang='grc' dir='ltr'><strong><em>διδασκαλίαν</em></strong></span> <span class='ocrx_word' id='word_1_271' title='bbox 605 2944 836 2985; x_wconf 86' lang='lat' dir='ltr'>praeoccupat.</span> 
     </span>
    </p>
   </div>
   <div class='ocr_carea' id='block_1_5' title="bbox 1272 3010 1318 3045">
    <p class='ocr_par' dir='ltr' id='par_1_5' title="bbox 1272 3010 1318 3045">
     <span class='ocr_line' id='line_1_33' title="bbox 1272 3010 1318 3045; baseline 0 -16"><span class='ocrx_word' id='word_1_272' title='bbox 1272 3010 1318 3045; x_wconf 72' lang='lat'>1.</span> 
     </span>
    </p>
   </div>
  </div>
 </body>
</html>
