1867 3301
772 266 780 268 -
815 198 1003 269 14ζῇ

114 340 270 395 gionem
304 345 579 380 conservantes
611 336 834 379 rudimenta
867 337 1020 378 divinae
1053 337 1155 379 illius
1188 338 1448 378 institutionis
1476 336 1616 379 balbu-

114 422 223 462 tienti
257 429 295 464 et
325 420 464 463 infanti
496 420 644 462 mundo
676 420 888 462 traderent.

233 503 313 547 Sed
345 504 531 561 objecerit
562 503 727 546 sortasse
759 505 996 546 nostratium
1026 504 1180 561 aliquis,
1217 503 1342 560 quid?
1373 518 1504 545 nonne
1527 518 1616 546 arca

113 586 264 630 Noachi
304 596 424 645 typus
464 596 523 629 est
561 588 664 630 illius
703 588 917 638 Ecclesiae,
961 602 1077 645 quam
1112 586 1294 629 Christus
1334 587 1531 638 condidit,
1575 590 1614 628 in

114 686 192 729 qua
231 680 334 714 certa
374 672 480 713 salus
517 680 592 722 est,
637 681 747 714 extra
780 686 896 728 quam
928 672 1036 712 nulla
1069 671 1173 712 salus
1207 671 1430 727 reperitur?
1473 670 1613 713 Nonne

114 770 269 805 onmes,
312 758 379 812 qui
419 755 615 812 baptismo
656 756 747 797 huic
779 756 960 797 ecclesiae
1001 757 1230 796 inseruntur
1261 755 1363 796 illico
1396 756 1613 811 regenerati

113 846 224 890 sunt3
260 840 326 895 qui
359 847 488 880 autem
518 841 754 896 regenerati,
788 838 903 880 iidem
936 838 1061 879 salvi?
1102 837 1177 880 Cui
1209 837 1488 895 respondeam:
1522 853 1613 880 vera

113 930 207 963 sunt
236 924 322 972 ista,
355 930 402 963 ut
433 922 547 964 dicis:
582 923 651 965 sed
682 938 762 964 non
795 924 884 972 isto,
921 936 1000 978 quo
1026 929 1071 962 tu
1092 936 1175 963 rere
1198 921 1332 963 modo.
1381 920 1480 962 Nam
1504 921 1612 962 haud

113 1007 193 1047 scio
227 1020 275 1046 an
307 1020 432 1062 neque
454 1005 645 1048 Ecclesia
676 1020 801 1063 neque
833 1006 1088 1062 reyencratio
1122 1020 1248 1062 neque
1280 1004 1392 1046 salus
1420 1004 1460 1045 id
1482 1007 1610 1060 ipsum

113 1088 314 1145 significet,
349 1089 459 1145 quod
489 1098 534 1131 tu
565 1090 761 1147 intelligis.
810 1086 1000 1131 Ecclesia
1023 1087 1171 1131 Christi
1194 1088 1359 1130 visibilis
1393 1097 1453 1129 est
1474 1096 1609 1129 coctus

112 1171 304 1222 fidelium,
348 1174 371 1213 i.
399 1187 431 1214 e.
466 1187 601 1214 eorum
635 1175 702 1230 qui
733 1181 926 1228 putantur
956 1172 1089 1213 fideles
1123 1187 1218 1214 esse.
1270 1171 1350 1214 Sed
1383 1179 1613 1214 erraverunt

111 1263 218 1297 totae
248 1255 454 1306 Ecclesiae,
494 1264 532 1297 et
564 1255 729 1312 quilibet
760 1256 879 1297 homo
912 1255 1106 1297 Ecclesiae
1139 1255 1362 1312 adscriptus
1396 1270 1418 1295 a
1448 1256 1611 1296 veritate

110 1338 201 1380 fidei
233 1338 445 1380 desciscere
477 1347 630 1395 potest,
664 1339 726 1380 vel
757 1339 893 1389 fidem,
937 1353 1053 1395 quam
1086 1338 1308 1395 profitetur,
1344 1340 1498 1394 impura
1530 1340 1611 1379 vita

112 1423 328 1478 inquinare.
376 1422 482 1479 Ergo
505 1422 676 1464 Ecclesia
709 1431 768 1464 est
799 1424 912 1479 quasi
944 1431 1024 1463 rete
1059 1421 1259 1478 quoddam
1293 1421 1402 1478 quod
1429 1430 1508 1463 tam
1530 1436 1611 1462 ma-

111 1506 170 1547 los
203 1520 319 1562 quam
351 1505 480 1547 bonos
511 1508 637 1562 pisces
671 1522 689 1548 e
721 1505 907 1547 fluctibus
942 1505 991 1546 ad
1021 1513 1163 1546 terram
1196 1507 1395 1562 importet.
1445 1504 1607 1555 Deinde,

111 1591 183 1631 etsi
214 1591 246 1630 is
281 1591 348 1646 qui
379 1604 450 1646 per
480 1588 720 1646 baptismum
741 1589 935 1631 Ecclesiae
968 1588 1196 1630 inscribitur
1225 1595 1490 1645 reyeneratus
1521 1590 1608 1645 ipso

111 1672 212 1715 facto
256 1681 294 1714 et
322 1680 490 1715 renatus
521 1681 597 1724 est,
641 1688 724 1715 non
761 1682 891 1714 tamen
928 1672 1073 1713 idcirco
1107 1672 1236 1714 vitalis
1270 1680 1340 1714 est.
1397 1671 1497 1713 Nam
1529 1673 1610 1713 vita

111 1757 206 1799 haec
235 1765 372 1798 nostra
402 1757 590 1799 naturalis
623 1757 674 1798 ad
706 1757 918 1813 spiritalem
950 1756 1053 1797 illam
1087 1758 1126 1797 in
1160 1755 1330 1812 quadam
1363 1771 1404 1797 se
1429 1755 1609 1812 analogia

111 1855 180 1882 seu
203 1843 464 1898 proportione
489 1840 661 1882 exhibet.
700 1839 851 1882 Ambae
877 1839 1073 1881 nascendo
1101 1841 1297 1881 oriuntur.
1338 1838 1487 1880 Natalis
1510 1839 1610 1880 hora

111 1926 213 1966 vitae
245 1924 360 1975 illius,
395 1939 494 1981 quae
527 1926 566 1965 in
593 1923 752 1966 Christo
787 1925 935 1979 incipit,
971 1931 1029 1964 est
1060 1925 1190 1979 ipsum
1222 1922 1321 1964 illud
1351 1930 1606 1971 momentum,

112 2021 190 2063 quo
224 2009 311 2063 quis
343 2022 412 2063 per
432 2007 672 2063 baptismum
700 2009 739 2048 in
762 2008 986 2048 societatem
1008 2006 1167 2047 Domini
1192 2006 1319 2047 nostri
1341 2004 1436 2046 Jesu
1460 2004 1608 2046 Clu-isti

112 2098 333 2146 cooptatur.
366 2089 446 2132 Nec
467 2106 573 2132 nova
593 2105 758 2147 prorsus
782 2090 858 2140 illa,
890 2098 1007 2146 atquc
1029 2091 1217 2130 inusitata
1239 2090 1339 2130 ratio
1364 2096 1423 2129 est
1443 2088 1608 2143 hujusce

111 2175 284 2214 notionis
318 2173 614 2230 exprimendam
649 2188 738 2215 nam
772 2173 879 2229 apud
899 2172 1162 2214 Braclnnanas
1196 2187 1355 2229 quoque
1380 2173 1413 2213 is
1437 2173 1503 2228 qui
1528 2173 1609 2211 cni-

111 2258 170 2297 vis
204 2259 320 2298 trium
345 2259 522 2314 priorum
546 2257 727 2299 classium
749 2257 997 2307 adscribitur,
1033 2259 1180 2313 quique
1202 2255 1449 2312 pubertatem
1470 2263 1607 2296 nactus

111 2340 325 2381 sacrificiali
364 2341 548 2383 resticula
587 2342 915 2398 circumcingitur,
957 2340 1008 2382 ob
1042 2354 1124 2382 eam
1158 2353 1314 2381 causam
1348 2338 1494 2392 dvi-jd
1525 2339 1549 2378 i.
1575 2353 1606 2380 e.

109 2421 170 2464 his
201 2426 356 2480 genitus
390 2425 619 2481 appellatur,
654 2426 841 2482 quoniam
872 2438 1016 2465 novam
1049 2424 1162 2480 quasi
1192 2424 1312 2463 vitam
1345 2421 1486 2462 induit.
1529 2419 1609 2462 Sed

112 2507 365 2548 sanctificatio
398 2515 556 2558 nostra,
591 2522 691 2564 quae
723 2516 783 2549 est
814 2509 927 2564 quasi
960 2507 1193 2548 instauratio
1228 2505 1381 2546 divinae
1413 2504 1606 2559 imaginis,

111 2605 191 2632 non
236 2593 455 2633 necessario
496 2593 675 2647 sequitur
714 2583 899 2647 baptismi
938 2590 1293 2646 regenerationem3
1340 2600 1467 2642 neque
1507 2588 1607 2627 enim

113 2675 354 2715 continuatio
388 2676 491 2716 vitae
529 2674 718 2716 naturalis
759 2673 963 2722 omnihus,
1007 2674 1074 2728 qni
1113 2673 1194 2712 nati
1231 2678 1343 2720 sunt,
1387 2670 1606 2711 necessario

112 2756 376 2798 confirmatur.
427 2756 590 2810 Quoties
622 2759 662 2798 in
694 2759 781 2813 ipso
807 2765 899 2797 ortu
924 2756 1149 2796 moriuntur
1169 2752 1367 2795 infantes?
1398 2752 1442 2795 Si
1465 2754 1608 2794 sancti-

110 2838 239 2880 ficatio
271 2838 510 2894 baptismum
542 2839 873 2896 antegrederetur,
909 2837 1006 2894 quid
1039 2845 1141 2879 esset
1164 2837 1228 2878 illa
1249 2836 1523 2894 regeneratio?
1565 2835 1608 2876 Si

105 2921 187 2977 jam
220 2921 432 2964 vivendum
469 2931 587 2972 esset,
630 2931 676 2965 ut
707 2935 973 2971 nasceremur,
1017 2922 1050 2962 si
1082 2928 1339 2977 praepostera
1368 2921 1521 2963 ratione
1553 2919 1610 2974 τῷ

1253 3000 1325 3037 10·
