1867 3301
245 350 374 404 Quum
414 353 534 408 igitur
565 351 689 393 Deum
730 354 770 393 in
809 355 985 394 oratione
1018 354 1209 395 dominica
1241 366 1463 409 precamur,
1504 367 1551 393 ne
1588 366 1660 394 nos
1692 356 1731 394 in

244 434 555 477 sollicitationem
587 435 767 485 inducat,
806 435 894 485 sed,
931 436 1040 491 quod
1072 445 1208 478 contra
1240 445 1316 485 est,
1350 451 1424 477 nos
1456 451 1479 476 a
1508 449 1632 492 pravo
1664 436 1729 477 illo

243 517 399 568 liberet,
435 517 698 560 desideramus
732 527 907 560 sanctum
941 518 1038 560 illud
1071 520 1260 561 auxilium
1286 534 1364 576 quo
1389 519 1515 574 adjuti
1536 517 1730 559 inferioris

242 609 403 642 naturae
435 600 632 643 illecebras
659 601 850 643 debellare
873 617 1074 658 queamus.
1121 602 1272 644 Aoristi
1294 601 1527 661 εἷσενέγκῃς
1548 609 1586 642 ct
1607 599 1728 657 ῥῦσαι

244 684 305 724 hic
335 691 381 724 ut
413 683 503 725 alibi
543 687 597 725 rei
633 686 708 726 cito
740 688 980 727 transeuntis
1013 685 1334 743 significationem
1368 688 1579 727 continent.
1641 683 1729 725 Non

242 775 466 822 perpetuam
507 769 629 824 igitur
666 768 980 811 sollicitationem
1013 772 1202 819 innuunt,
1246 769 1314 811 sed
1345 784 1445 826 quac
1478 769 1524 810 de
1555 777 1729 824 tempore

242 851 280 890 in
311 858 465 906 tempus
499 853 661 892 oriatur.
714 851 925 894 Precamur
957 867 1049 909 ergo
1082 861 1147 902 ut,
1184 855 1493 909 quotiescunque
1526 852 1611 893 illae
1641 865 1730 907 pec-

242 932 353 974 candi
386 933 548 975 insidiae
581 933 695 976 nobis
729 943 949 984 struuntur,
986 937 1021 975 vi
1043 935 1207 977 Divinae
1241 938 1387 992 gratiae
1420 935 1581 977 evadere
1614 943 1728 991 atque

241 1018 346 1057 exire
378 1019 589 1072 possimus.
639 1017 721 1059 Vix
753 1020 961 1074 quisquam
994 1027 1070 1067 est,
1107 1020 1260 1074 opinor,
1297 1021 1363 1074 qui
1397 1020 1591 1059 existimet
1611 1016 1730 1058 verba

239 1095 296 1154 μή
340 1098 571 1159 εἷσενέγκῃς
613 1100 797 1142 denotare
846 1103 1035 1143 actionem
1079 1101 1274 1157 quandam
1315 1101 1479 1142 Divinae
1518 1102 1727 1157 potentiae.

238 1180 382 1223 Valent
407 1185 542 1239 potius
577 1199 649 1225 »ne
672 1187 753 1225 sine
775 1199 848 1225 nos
871 1184 1031 1227 inferri«
1066 1198 1181 1240 quam
1215 1199 1288 1225 »ne
1310 1184 1451 1226 inseras
1474 1199 1587 1234 nos«,
1622 1184 1729 1240 quod

240 1267 334 1306 satis
375 1265 511 1307 docuit
541 1266 736 1309 Dominus
776 1269 859 1323 ipse
899 1276 1034 1309 noster
1074 1282 1195 1324 quum
1229 1267 1482 1309 dormitantes
1515 1267 1728 1324 discipulos

240 1350 412 1390 monuit:
454 1349 639 1406 »vigilate
678 1359 715 1391 et
745 1352 956 1407 precamini
989 1366 1036 1392 ne
1070 1352 1220 1392 intretis
1253 1353 1292 1392 in
1323 1353 1577 1392 tentationem
1609 1349 1730 1407 (γρημ

238 1437 421 1487 γορεῖτε,
469 1434 540 1473 καὶ
579 1433 872 1486 προσεύχεσθε
919 1438 990 1475 ἵνα
1035 1430 1091 1489 μὴ
1131 1433 1351 1489 εἷσέλθητε
1390 1434 1447 1484 εἰς
1483 1434 1727 1490 πειρασμόν,

237 1515 380 1557 Matth.
412 1515 566 1565 XXVI,
598 1514 686 1569 41).
751 1517 858 1558 Deus
897 1532 1016 1573 quum
1058 1519 1097 1557 in
1138 1518 1293 1559 homine
1333 1518 1498 1559 creando
1531 1527 1726 1560 terrenum

237 1598 437 1654 pulverem
469 1613 556 1640 cum
589 1614 661 1640 suo
695 1601 838 1655 spiritu
870 1602 1098 1657 conjunxit,
1135 1601 1258 1642 effecit
1289 1609 1334 1642 ut
1365 1603 1526 1658 spiritus
1558 1601 1619 1642 ille
1645 1615 1727 1642 car-

238 1681 315 1722 nali
354 1684 688 1738 concupiscentiae
722 1692 824 1724 esset
857 1683 1069 1725 obnoxius.
1133 1684 1247 1733 Inde,
1290 1693 1335 1725 ut
1366 1698 1452 1726 cum
1485 1683 1726 1725 scholasticis

237 1764 396 1821 loquar,
439 1767 693 1807 tentationem
725 1767 1007 1821 potentialiter
1040 1769 1080 1808 in
1112 1767 1301 1809 mundum
1333 1767 1501 1809 induxit.
1566 1767 1723 1815 Verum,

237 1856 282 1889 ut
315 1847 415 1889 dixit
448 1847 635 1905 Origenes
670 1846 735 1902 (ad
758 1849 823 1890 Ps.
847 1849 977 1900 XVII,
1007 1847 1096 1903 19):
1130 1850 1189 1898 εἷς
1219 1846 1457 1906 πειρασμὸν
1488 1847 1562 1891 οὒκ
1593 1849 1726 1906 εἷσέρ-

237 1944 357 1982 χεται
388 1928 438 1972 οὐ
471 1931 528 1987 τῷ
558 1928 613 1987 μὴ
648 1931 951 1987 πειρασθῆναι,
984 1929 1094 1974 ἄλλα
1119 1933 1176 1989 τῷ
1196 1929 1253 1988 μὴ
1278 1931 1443 1974 ἁλῶναι
1463 1939 1555 1980 ταῖς
1580 1934 1725 1984 παγίσι

236 2013 311 2055 τοῦ
342 2016 578 2069 πειρασμοῦ
611 2012 682 2067 (cs.
707 2015 732 2056 2
758 2015 858 2056 Tim.
883 2016 932 2064 II,
959 2013 1051 2069 26).
1116 2015 1233 2069 Quod
1266 2016 1314 2056 ad
1346 2016 1516 2057 suturam
1550 2024 1723 2057 nostram

236 2095 455 2138 felicitatem
487 2099 642 2146 attinet,
678 2100 842 2139 tentatio
874 2113 954 2139 non
988 2107 1047 2139 est
1072 2113 1141 2153 per
1163 2114 1203 2140 se
1227 2099 1488 2155 deprecanda3
1523 2099 1725 2140 confirmat

236 2181 337 2220 enim
367 2179 539 2220 Jacobus
578 2182 619 2221 in
656 2180 765 2222 lucro
808 2181 1075 2236 deputandum
1116 2196 1198 2223 esse
1232 2184 1262 2223 si
1297 2184 1384 2239 quis
1418 2182 1651 2223 christianus
1683 2184 1722 2222 in

237 2264 363 2303 varias
401 2261 547 2303 incidat
576 2265 810 2304 tentationes
845 2260 941 2315 (Jac.
965 2264 998 2313 I,
1029 2262 1171 2316 1-4).
1231 2264 1282 2305 Et
1312 2264 1426 2306 Jesus
1459 2267 1542 2320 ipse
1573 2272 1722 2321 patrem

235 2359 350 2386 suum
393 2359 466 2401 pro
509 2344 709 2401 discipulis
750 2354 930 2401 precatus
964 2355 1038 2386 est:
1084 2361 1188 2387 »non
1221 2362 1319 2403 rogo
1356 2356 1399 2388 ut
1428 2347 1543 2388 tollas
1576 2361 1642 2388 eos
1676 2346 1722 2387 de

233 2428 400 2481 mundo,
439 2427 506 2469 sed
537 2436 583 2469 ut
614 2442 744 2469 serves
777 2443 844 2469 eos
877 2444 899 2469 a
923 2443 1059 2484 pravo
1091 2429 1184 2469 illo«
1217 2425 1312 2480 (οὐκ
1344 2428 1485 2482 ἐρωτῶ
1515 2432 1588 2470 ἵνα
1619 2428 1721 2487 ἄρῃς

236 2506 394 2559 αὐτοὺς
434 2508 479 2550 ἐκ
517 2509 592 2551 τοῦ
633 2506 856 2564 κόσμου,
898 2505 1012 2551 ἄλλα
1053 2514 1125 2552 ἵνα
1164 2511 1340 2569 τηρήσῃς
1379 2508 1534 2560 αὐτοὺς
1571 2510 1615 2551 ἐκ
1646 2511 1721 2553 τοῦ

233 2594 486 2648 πονηροῦ,
541 2592 682 2634 Joann.
725 2593 853 2643 XVII,
897 2591 986 2647 15).
1059 2594 1129 2635 Hic
1175 2595 1304 2644 locus,
1358 2609 1427 2649 per
1474 2610 1513 2635 se
1562 2596 1718 2635 maximi

232 2678 438 2725 momenti,
488 2677 581 2717 satis
627 2690 700 2716 nos
746 2675 877 2725 docet,
929 2678 1016 2733 quis
1063 2678 1112 2716 sit
1156 2677 1216 2718 ille
1254 2671 1276 2718 ὅ
1323 2675 1525 2731 πονηρός,
1569 2677 1630 2719 vel
1674 2686 1719 2717 ul,

234 2757 326 2799 alibi
366 2766 530 2799 vocatur
570 2753 593 2799 ὅ
635 2757 845 2812 πειράζων
885 2756 932 2810 (1
968 2758 1108 2800 Thess.
1142 2759 1207 2808 ΠΙ,
1239 2756 1310 2812 5),
1355 2760 1414 2800 vel
1455 2757 1477 2799 ὁ
1518 2757 1718 2811 διάβολος

233 2837 391 2893 (Matth.
416 2840 481 2890 IV,
505 2837 558 2892 1).
606 2839 704 2881 Nam
737 2843 823 2895 ipsa
847 2841 1108 2883 clausularum
1130 2843 1327 2883 contentio
1352 2841 1523 2883 ostendit
1537 2856 1717 2897 pravum

232 2923 338 2964 illum
378 2923 438 2963 vel
480 2937 564 2964 cum
604 2925 755 2965 mundo
797 2926 1042 2980 aequiparari
1076 2925 1134 2965 vel
1174 2927 1211 2965 in
1252 2926 1402 2966 mundo
1435 2924 1560 2966 saltim
1593 2925 1717 2964 conti-
