1867 3301
250 359 375 387 racem
406 344 644 401 baptismum
678 344 819 386 efficiat
841 342 879 398 (1
906 343 1010 386 Petr.
1035 344 1099 394 Ill,
1125 342 1211 399 21),
1239 345 1321 401 jam
1355 345 1445 386 olim
1479 346 1650 388 ostendit
1671 345 1740 388 Ri-

249 429 388 471 cardus
421 429 584 470 Hooker
617 426 916 481 (Ecclesiastical
946 428 1078 478 Polit„
1112 427 1221 470 book
1243 428 1292 478 V,
1328 444 1358 469 c.
1382 424 1469 481 63).
1528 429 1571 470 lu
1601 428 1740 486 Angli-

249 528 343 554 eana
364 512 684 568 Paedobaptismi
711 511 1047 553 administratione
1072 511 1257 554 infantem
1284 527 1555 553 consecramus
1580 514 1620 553 in
1641 512 1739 553 mili-

248 607 323 639 tem
347 612 390 638 ac
412 596 597 637 famulum
622 594 789 644 Christi,
819 595 981 645 scilicet,
1008 595 1057 636 ad
1077 595 1333 653 pugnandum
1358 605 1494 637 contra
1507 603 1737 652 peccatum,

247 681 464 734 mundum,
509 688 547 720 et
579 677 807 734 Satanam5
850 688 888 721 et
926 682 964 720 in
998 678 1267 730 Catechismo,
1309 694 1387 737 quo
1426 680 1648 737 baptizatos
1690 679 1740 721 ad

248 765 582 806 confirmationem
622 765 694 804 rite
736 763 998 820 accipiendam
1038 765 1287 815 instruimus,
1329 778 1474 820 pueros
1506 772 1666 805 nostros
1699 765 1739 805 in

247 850 472 890 memoriam
504 849 618 889 istius
651 847 808 888 militiae
839 847 1076 896 reducimus,
1110 862 1231 904 quum
1260 847 1538 889 admoneamus
1561 862 1628 888 eos
1651 862 1739 888 sus-

247 941 425 989 ceptores
456 934 634 989 ipsorum
665 933 893 988 promisisse
926 930 1114 987 triplicem
1148 929 1526 972 abrenuntiationem
1555 930 1739 973 Satanae

247 1025 285 1058 et
314 1016 460 1057 mundi
491 1024 528 1056 et
560 1015 705 1056 carnis.
756 1013 874 1068 Quod
897 1022 1116 1070 peccatum
1148 1023 1185 1056 ct
1216 1029 1381 1056 carnem
1406 1024 1593 1072 tanquam
1617 1029 1739 1072 syno-

246 1115 365 1157 nyma
404 1102 504 1141 inter
542 1114 581 1140 se
624 1106 965 1139 commutaverunt
994 1098 1194 1155 Liturgiae
1235 1098 1508 1155 compilatores
1547 1101 1737 1141 neminem

248 1183 436 1234 offendet,
480 1185 546 1240 qui
581 1182 888 1224 consideraverit
919 1196 1032 1222 omne
1069 1190 1270 1239 peccatum
1303 1196 1352 1223 ex
1384 1197 1494 1223 carne
1526 1172 1735 1239 profluere,

247 1282 398 1309 carnem
439 1269 563 1323 ipsam
602 1269 642 1308 in
682 1281 721 1307 se
761 1268 951 1308 rationem
991 1268 1137 1322 peccati
1177 1265 1331 1307 habere.
1391 1265 1470 1307 Sed
1503 1281 1624 1323 quum
1657 1281 1738 1308 vox

246 1367 363 1406 earo,
407 1353 509 1392 sicut
545 1350 639 1392 aliae
672 1365 806 1400 voces,
848 1359 927 1391 tam
959 1349 1135 1391 latiorem
1170 1364 1286 1407 quam
1318 1353 1584 1407 angustiorem
1616 1352 1737 1407 signi-

246 1436 465 1477 ficationem
504 1442 693 1491 praestet,
736 1442 936 1490 peccatum
979 1442 1106 1474 autem
1147 1434 1366 1491 generalius
1400 1433 1636 1475 vocabulum
1673 1436 1734 1484 sit,

245 1519 380 1576 culpae
412 1520 608 1559 materiem
642 1520 680 1559 in
716 1520 834 1559 trinas
866 1526 996 1574 partes
1031 1517 1265 1559 distribuere
1289 1518 1398 1567 licet,
1433 1532 1532 1574 quae
1558 1520 1598 1558 in
1618 1516 1735 1559 Novo

246 1604 497 1645 'testamento
521 1611 598 1644 tani
615 1603 784 1657 junctim
807 1616 923 1658 quam
946 1603 1154 1657 separatim
1179 1600 1391 1655 διάβολος,
1423 1600 1589 1654 κόσμος,
1616 1601 1735 1656 σάρξ,

244 1688 490 1745 appellantur
523 1683 628 1739 (vide
660 1700 779 1741 supra
801 1685 898 1725 Pars
920 1685 947 1725 Ι.
973 1700 1010 1741 p.
1031 1682 1117 1738 69).
1164 1684 1249 1725 Jam
1272 1700 1365 1726 vero
1389 1685 1508 1726 verba
1530 1688 1615 1742 ipsa
1638 1684 1735 1726 διά-

242 1770 370 1825 βολος
393 1780 430 1811 et
462 1773 564 1837 Ῑῖἓῖξῒ
587 1771 625 1810 vi
646 1770 800 1810 termini
823 1768 1010 1810 denotant
1031 1769 1244 1822 malitiam,
1278 1769 1488 1820 invidiam,
1523 1777 1560 1811 et
1582 1769 1734 1811 calum-

243 1856 344 1896 nias.
388 1854 439 1895 Et
471 1862 608 1895 auctor
640 1861 698 1894 est
719 1852 833 1893 -Jesus
867 1852 1075 1894 diabolum
1104 1852 1223 1893 fuisse
1245 1852 1455 1894 homicidii
1476 1861 1514 1894 et
1533 1853 1737 1895 mendacii

242 1947 441 1996 parentem
473 1934 630 1991 (Joann.
649 1936 754 1986 Vlll,
778 1933 866 1990 44).
916 1936 1099 1978 Mundus
1121 1945 1268 1985 autem,
1304 1945 1496 1993 quatenus
1518 1938 1558 1977 in
1580 1951 1620 1977 se
1641 1951 1735 1993 pro-

242 2025 346 2079 prias
386 2021 571 2078 peccandi
612 2020 810 2061 illecebras
843 2022 1037 2069 continet,
1080 2020 1129 2060 ad
1165 2020 1369 2061 commoda
1400 2022 1615 2076 praesentis
1649 2022 1734 2061 aevi

243 2115 415 2163 spectare
460 2104 596 2154 debet3
644 2107 777 2161 itaque
810 2105 1028 2160 cuicunque
1063 2103 1229 2159 objicere
1268 2119 1503 2160 possumus,
1545 2112 1591 2144 ut
1622 2103 1733 2145 diviti

242 2190 316 2238 illi,
352 2186 565 2242 ἀπέλαβες
597 2183 648 2229 σύ
682 2185 733 2228 τά
769 2182 926 2238 ἀγαθά
955 2196 1030 2227 σου
1052 2185 1099 2228 ἐν
1119 2189 1165 2245 τῇ
1188 2185 1269 2246 ζωῇ
1293 2198 1367 2228 σου
1390 2185 1499 2240 (Luc.
1518 2186 1624 2237 XVI,
1644 2185 1730 2240 25),

243 2275 465 2330 quicunque
499 2286 579 2312 rem
612 2286 722 2312 suam
755 2270 979 2311 familiarem
1013 2272 1155 2326 quovis
1184 2279 1299 2327 pacto
1323 2286 1464 2328 augere
1487 2270 1630 2320 studet,
1665 2273 1733 2327 qui

242 2357 344 2397 illam
385 2355 458 2396 sibi
500 2354 673 2411 regulam
714 2355 923 2410 imposuit:
973 2353 1221 2409 »quaerenda
1258 2356 1423 2410 pecunia
1459 2356 1627 2410 primum
1660 2363 1729 2404 est,

241 2443 366 2481 virtus
398 2447 492 2496 post
523 2452 755 2487 nummos«,
789 2439 856 2493 qui
888 2445 933 2478 ut
965 2451 1005 2477 se
1038 2438 1075 2477 in
1109 2439 1263 2478 civitate
1294 2437 1426 2486 tollat,
1461 2445 1506 2478 ut
1536 2446 1671 2494 regnet
1692 2439 1731 2479 in

241 2524 313 2564 hac
355 2525 453 2572 vita,
495 2531 572 2563 tam
611 2522 736 2562 Deum
777 2535 892 2577 quam
933 2520 1110 2560 homines
1152 2519 1456 2560 contemnendos
1497 2519 1622 2570 ducit,
1663 2523 1729 2577 qui

240 2607 345 2647 hunc
376 2606 565 2647 mundum
599 2620 678 2646 non
712 2604 882 2645 suturam
916 2606 1033 2644 vitam
1067 2611 1233 2659 spectat,
1270 2605 1336 2659 qui
1370 2604 1487 2644 misso
1515 2604 1728 2660 relligionis

240 2691 426 2745 imperio,
469 2686 545 2744 τήν
586 2690 840 2738 πλεονεξίαν
870 2688 931 2728 vcl
970 2687 1243 2728 inexhaustam
1282 2685 1450 2727 habendi
1490 2686 1727 2736 aviditatem,

240 2772 328 2828 ἥιις
359 2772 471 2813 ἐστὶν
503 2771 834 2826 εἰδωλολατρεία
868 2769 971 2824 (Col.
994 2770 1058 2819 ΠΙ,
1085 2767 1141 2823 5),
1176 2769 1331 2826 explere
1365 2772 1493 2826 cupit,
1527 2772 1558 2811 is
1592 2772 1728 2827 utique

239 2856 374 2897 mnndi
415 2871 550 2896 servus
589 2864 666 2905 cst,
709 2864 746 2897 et
777 2870 798 2896 a
829 2854 1025 2912 probitate
1057 2853 1255 2909 relligiosa
1287 2852 1486 2895 abhorret.
1548 2853 1726 2909 Denique

241 2954 349 2994 caro,
382 2954 452 2996 per
483 2954 523 2980 sc
556 2948 729 2996 spectata
751 2946 936 2996 tanquam
964 2952 1053 2996 pars
1077 2937 1205 2994 aliqua
1227 2939 1387 2994 peccati,
1421 2952 1557 2979 eorum
1580 2945 1638 2979 est
1659 2938 1726 2994 qui
