1867 3301
244 367 315 395 Gen.
332 366 380 395 Vl.
413 365 454 399 [4]

414 779 455 813 [5]

248 1113 395 1149 (imvm7
409 1115 456 1138 21.

268 1195 340 1224 Gen.
358 1195 411 1232 VI,
430 1197 456 1221 6.

418 1278 459 1312 [3]

254 2168 403 2206 Geu.11‚7
415 2187 425 2191 -
437 2169 463 2192 9.

422 2209 462 2242 [7]

425 2439 465 2474 [8]

425 2689 466 2721 [9]

959 212 1023 259 38

489 352 673 409 Gigantes
706 353 827 408 igitur
858 360 968 392 orant
1000 366 1118 408 super
1149 360 1292 393 terram
1323 353 1363 393 in
1395 351 1534 394 diebus
1565 352 1662 403 illis3

489 435 586 476 Nam
610 444 821 492 postquam
844 436 1008 491 ingressi
1031 443 1124 475 sunt
1144 434 1211 475 filii
1233 435 1436 476 hominum
1459 434 1509 476 ad
1529 434 1626 475 filias
1648 434 1732 484 Dei,

1096 525 1213 574 atque
1244 518 1317 558 hae
1348 526 1581 574 pepererant
1611 517 1698 566 illis,

490 601 593 642 Tum
626 601 707 641 nati
739 608 832 641 snut
862 607 1044 656 potentes
1067 600 1141 650 illi,
1177 602 1244 656 qui
1266 616 1287 641 a
1308 601 1428 657 longo
1450 599 1540 640 inde
1561 608 1735 656 tempore

1098 698 1239 740 magno
1273 685 1429 724 nomine
1460 681 1703 724 fruebantur.

487 766 600 809 Vidit
633 776 760 808 autem
784 762 923 820 [Deus]
957 765 1066 822 quod
1096 766 1352 822 multiplicata
1385 774 1443 807 est
1470 766 1640 807 hominis
1669 779 1736 807 ne-

1099 851 1222 905 quitia
1254 850 1293 889 in
1324 851 1457 898 torris,

490 934 540 976 Et
562 933 671 991 quod
694 947 806 975 omne
828 932 1055 989 figmentum
1075 933 1323 988 cogitationis
1342 931 1471 972 cordis
1489 932 1571 986 ejus
1588 945 1737 973 merum

1098 1015 1243 1055 malum
1276 1023 1357 1055 erat
1390 1016 1494 1055 omni
1524 1023 1712 1070 tempore,

492 1099 592 1153 Quia
624 1099 850 1155 figmentum
878 1096 1007 1138 cordis
1032 1097 1115 1152 ejus
1145 1097 1287 1137 malum
1319 1105 1377 1138 est
1400 1096 1487 1138 inde
1512 1112 1533 1137 a
1555 1098 1735 1152 pueritia.

491 1183 594 1223 Tum
616 1183 813 1238 poenituit
835 1177 1012 1233 [Deuin],
1039 1180 1143 1237 quod
1168 1180 1364 1221 hominem
1386 1179 1539 1221 fecisset
1560 1181 1600 1221 in
1620 1188 1735 1228 terra,

491 1266 542 1306 Et
574 1265 701 1306 doluit
733 1266 772 1305 in
805 1263 920 1304 corde
953 1278 1048 1314 suo3
1083 1263 1261 1320 dixitque
1294 1262 1419 1304 Deus:

491 1348 608 1390 »Non
639 1356 830 1404 perpetuo
864 1346 1044 1403 regnabit
1075 1348 1114 1386 in
1146 1346 1302 1386 homine
1334 1347 1496 1402 spiritus
1529 1360 1636 1387 meus

491 1432 660 1488 Propter
692 1439 893 1487 peccatum
926 1444 1082 1479 eorum,
1117 1428 1159 1470 id
1190 1438 1266 1479 est,
1301 1443 1465 1470 carnem.

493 1514 573 1555 Sed
605 1516 802 1555 constituo
837 1514 1005 1562 homini,
1040 1522 1227 1570 tanquam
1256 1514 1357 1553 vitae
1386 1513 1615 1561 terminum,
1651 1526 1739 1554 cen-

1099 1604 1183 1637 tum
1216 1604 1254 1637 et
1284 1597 1423 1652 viginti
1455 1609 1619 1636 annos«

624 1876 1021 1924 FRAGMENTUM
1059 1876 1372 1923 SECUNDUM.

536 1991 667 2028 Fusior
697 2002 809 2040 eaque
837 1991 980 2040 poetica
1009 1990 1219 2027 Jehovistae
1249 1989 1456 2039 descriptio.

496 2179 632 2220 Finxit
661 2178 814 2220 Jehova
845 2178 951 2219 Deus
983 2178 1117 2218 limum
1151 2176 1197 2218 de
1229 2185 1332 2218 terra
1363 2179 1403 2218 in
1434 2177 1649 2225 hominem,

494 2262 546 2303 Et
577 2263 742 2317 spiravit
773 2262 813 2301 in
845 2260 979 2301 faciem
1011 2261 1094 2315 ejus
1128 2261 1309 2316 spiritum
1341 2261 1464 2309 vitae;

497 2345 548 2386 Et
579 2344 703 2385 sactus
736 2351 795 2384 est
826 2343 944 2384 homo
978 2345 1017 2383 in
1049 2345 1215 2383 animam
1248 2344 1454 2383 viventem,

498 2428 562 2470 Ab
595 2428 706 2468 initio
741 2435 869 2467 autem
890 2425 1042 2468 Jehova
1062 2425 1168 2466 Deus
1200 2425 1361 2466 hortum
1386 2424 1607 2465 deliciarum
1631 2424 1742 2480 plan-

1104 2516 1272 2556 taverat,

498 2594 633 2650 Ibique
667 2593 871 2634 constituit
902 2592 1119 2641 hominem,
1155 2605 1269 2647 quein
1302 2589 1555 2631 confinxerat.

499 2678 793 2733 Progenuitque
825 2675 978 2716 Jehova
1009 2674 1114 2714 Deus
1148 2673 1194 2714 de
1227 2674 1346 2714 humo

502 2760 624 2802 Omne
656 2759 804 2815 lignum
837 2760 925 2799 visu
955 2758 1134 2814 pulcrum
1167 2765 1204 2797 ct
1235 2756 1284 2797 ad
1316 2755 1551 2797 vescendum
1582 2770 1719 2804 suave,

501 2841 697 2883 Arborum
730 2844 842 2883 otium
874 2840 1174 2882 immortalitatis
1207 2841 1246 2880 in
1277 2839 1404 2880 medio
1438 2839 1563 2886 horti,

501 2924 773 2981 Arboremque
806 2925 1040 2981 cognitionis
1072 2922 1269 2964 bonorum
1302 2937 1344 2963 ae
1375 2922 1578 2962 malorum.
