1867 3301
841 180 935 227 135

161 330 350 362 Gen.V.2a.
384 320 435 363 Se
469 329 596 362 autem
632 323 758 362 virum
792 323 977 377 requietis
1013 308 1265 376 (Noc'whmn)
1299 322 1441 365 factum
1475 340 1579 372 esse3

141 414 350 446 Gen.V111.4.
382 405 433 445 Et
464 404 710 460 tranquillam
746 404 874 446 sedem
908 407 945 446 in
980 415 1111 447 monte
1145 409 1362 449 sanctitatis
1395 417 1533 450 nactus

382 487 437 528 lbi
459 489 652 543 requievit
673 503 803 530 mense
826 491 1006 545 septimo,
1033 489 1182 531 decimo
1207 493 1374 546 septimo
1395 491 1455 532 die
1474 494 1637 542 mensis3

184 585 195 607 1
215 580 350 617 RegNl.
383 570 435 612 lbi
471 570 628 613 domum
660 571 729 614 Dei
763 569 943 625 (Bellzel)
976 574 1218 630 magnificam
1252 574 1491 625 aedificavit3

98 663 349 699 inegwntw.
380 654 436 695 lbi
470 662 608 697 coram
641 654 723 697 lico
757 653 797 708 (i.
822 670 852 696 e.
887 658 925 696 in
959 654 1120 709 Peniel)
1153 666 1346 714 perpetuo
1380 673 1552 709 versans,

133 747 283 778 1›0ut..V1‚
302 750 347 775 18.
380 737 431 779 Et
462 738 501 779 id
537 739 646 795 quod
677 737 845 792 probunt
878 748 937 780 est
969 747 1007 780 et
1039 737 1184 781 1101111111
1218 740 1373 791 faciens,

68 806 347 881 cflpffixffiiffigj
378 821 572 864 Jehovam
607 825 647 864 in
681 831 815 864 saneto
850 838 923 864 suo
958 823 1103 880 templo
1136 823 1330 881 relligiose
1362 825 1635 869 venerabatur.

600 1109 1172 1168 COMMENTARIUS.

253 1324 351 1366 Rem
383 1326 508 1380 ipsam
540 1323 715 1382 undique
748 1324 1055 1380 contemplantes
1089 1326 1376 1366 constituamus
1399 1339 1555 1367 necesse
1577 1335 1635 1367 est

137 1408 272 1449 diluvii
295 1407 497 1449 Noachani
531 1409 735 1450 historiam
761 1423 809 1451 ex
834 1408 978 1464 triplici
999 1410 1158 1449 materie
1181 1408 1397 1456 conflatam
1412 1422 1508 1448 esse.
1549 1407 1637 1449 Pri-

136 1507 240 1534 mum
281 1493 381 1533 enim
430 1500 580 1548 spectat
621 1492 669 1534 ad
710 1507 840 1534 veram
881 1492 1051 1548 aliquam
1092 1506 1283 1548 aquarum
1324 1491 1633 1542 inundationem,

136 1591 255 1633 quae,
298 1590 419 1632 quum
452 1576 631 1618 homines
664 1576 792 1618 adhuc
823 1584 995 1618 recentes
1029 1590 1079 1617 ex
1109 1574 1319 1617 Armeniae
1351 1574 1553 1617 montibus
1586 1575 1636 1617 ad

134 1660 328 1716 palustres
367 1660 679 1716 Mesopotamiae
726 1662 905 1718 regiones
947 1658 1261 1709 descendissent,
1311 1659 1552 1716 complures,
1603 1662 1634 1701 si

134 1759 214 1784 non
253 1744 484 1801 plerosque,
528 1743 741 1787 submersit
772 1752 810 1786 et
841 1742 1070 1793 suffocavit,
1113 1758 1263 1800 paucos
1297 1751 1444 1792 autem,
1488 1742 1633 1800 quibus

135 1827 230 1868 illud
262 1827 477 1885 suffugium
508 1837 677 1884 pateret,
713 1827 762 1870 ad
795 1828 972 1870 altiorem
1003 1829 1204 1884 regionem
1225 1826 1350 1868 redire
1374 1828 1514 1883 coegit.
1564 1825 1635 1868 Se-

135 1910 286 1960 cundo,
329 1911 491 1953 denotat
529 1927 611 1953 non
650 1912 769 1953 modo
803 1912 1065 1954 Israelitarum
1102 1927 1172 1968 per
1202 1925 1308 1952 mare
1341 1919 1379 1952 et
1411 1910 1563 1952 deserta
1594 1911 1632 1951 in

136 2003 276 2036 terram
297 1995 591 2051 tranquillitatis
614 1996 846 2046 adventum,
873 2011 1008 2037 verum
1032 1997 1145 2036 etiam
1171 2009 1346 2036 securam
1368 1994 1472 2035 illam
1494 1993 1634 2035 Jasha-

134 2092 249 2119 ranae
290 2078 504 2134 relligionis
538 2081 878 2129 constitutionem,
923 2094 1046 2136 quum
1077 2087 1265 2136 regnante
1298 2077 1514 2120 Solomone
1545 2092 1633 2120 arca

135 2161 302 2203 foederis
335 2164 374 2203 in
407 2162 612 2218 splendida
644 2162 737 2204 aede
770 2162 960 2204 collocata
992 2171 1062 2204 est.
1128 2162 1285 2212 Tertio,
1328 2171 1489 2203 auctore
1520 2162 1633 2219 Apo-

134 2246 236 2287 stolo
260 2246 392 2296 Petro,
428 2248 540 2303 quasi
570 2246 699 2303 figura
731 2246 917 2288 describit
948 2247 1050 2288 illam
1072 2246 1265 2303 Baptismi
1297 2248 1633 2303 regenerationem

133 2345 210 2387 qua
244 2345 377 2371 omnes
403 2328 617 2372 Christiani
649 2346 669 2371 a
702 2338 877 2372 terrenae
910 2333 1106 2388 nequitiae
1138 2330 1326 2372 fluetibus
1356 2339 1565 2372 servantur
1595 2339 1634 2372 et

133 2413 181 2454 ad
213 2415 487 2470 sempiternam
520 2414 840 2471 tranquillitatem
871 2416 1115 2471 pertingunt.
1163 2414 1226 2455 Ex
1258 2413 1385 2456 tribus
1409 2414 1469 2455 his
1495 2413 1631 2455 diluvii

133 2498 484 2553 significationibus
531 2501 701 2554 scriptor
738 2498 981 2540 Jasharanus
1023 2500 1181 2539 nonnisi
1221 2497 1451 2547 secundam,
1501 2499 1629 2554 primo

133 2580 259 2621 saltim
291 2581 495 2623 oculorum
531 2581 695 2632 obtutu,
735 2582 1023 2638 contemplatus
1057 2590 1127 2623 est.
1190 2580 1389 2623 Historica
1420 2581 1483 2622 illa
1514 2583 1631 2623 inun-

134 2663 291 2705 datione
322 2673 509 2722 tanquam
543 2666 837 2707 substructione
870 2665 1067 2714 utebatur,
1103 2673 1141 2706 et
1164 2664 1480 2707 Christianorum
1502 2667 1628 2707 initia-

132 2749 278 2788 tionem
311 2748 467 2789 coclesti
501 2750 672 2806 quodam
704 2751 841 2791 mentis
864 2751 1054 2790 instinctu
1075 2749 1254 2805 prolatus
1278 2752 1462 2807 augurari
1484 2752 1628 2806 potuit.

134 2830 214 2873 Sed
253 2839 298 2872 ut
336 2830 487 2873 Noachi
526 2848 670 2875 nomen
711 2842 749 2875 et
786 2848 847 2875 res
888 2848 987 2890 quae
1029 2831 1306 2874 describuntur
1343 2833 1536 2884 indicant,
1581 2833 1631 2874 ad

132 2915 392 2957 Israelitarum
432 2930 620 2974 arcaeque
661 2926 930 2960 sacrosanctae
970 2919 1010 2958 in
1048 2918 1245 2975 promissa
1284 2917 1421 2960 tellure
1453 2931 1630 2959 securam
