1867 3301
713 730 918 799 PARS
972 726 1334 799 SEPTIMA.

275 890 395 932 Varia
429 887 611 932 Carmina
651 887 697 930 de
736 887 955 945 proborum
1002 889 1165 944 imperio
1213 895 1250 928 et
1292 885 1472 929 felicitate
1511 885 1766 943 regnantibus

782 971 933 1014 Davide
965 980 1001 1013 et
1033 970 1260 1013 Solomone.

758 1232 1038 1278 CANTICUM
1068 1231 1291 1303 PRIMUM.

649 1345 808 1383 Davides
841 1346 1012 1395 giganteo
1042 1343 1230 1395 triumpho
1263 1344 1392 1381 clarus.

276 1584 289 1609 1
307 1582 386 1610 Sam.
402 1582 438 1613 ΙΙ,

297 1627 391 1652 140,
439 1621 484 1660 m
515 1593 702 1636 Exsultat
732 1594 884 1634 animus
917 1608 1026 1636 meus
1057 1607 1128 1650 per
1159 1591 1374 1644 Jehovam3

516 1677 673 1719 Elatum
704 1685 763 1719 est
793 1692 921 1718 meum
953 1691 1076 1718 cornu
1106 1692 1177 1734 per
1207 1676 1422 1727 Jehovam3

517 1761 711 1818 Apertum
743 1769 802 1802 est
833 1775 960 1802 meum
993 1775 1037 1802 os
1070 1759 1258 1802 adversus
1291 1759 1426 1802 hostes
1459 1773 1588 1810 meos;

516 1844 616 1886 Nam
647 1844 799 1902 gaudeo
834 1843 881 1885 de
913 1845 1036 1886 salute
1068 1852 1149 1886 tua.

442 1940 484 1975 [2]
517 1928 609 1971 Non
641 1937 699 1970 est
730 1929 828 1970 alius
861 1942 983 1985 aeque
1016 1936 1173 1969 sanctus
1206 1941 1249 1968 ae
1269 1926 1433 1977 Jehova,
1467 1940 1557 1967 nam
1589 1939 1637 1967 ne
1668 1924 1766 1966 alius

1058 2011 1215 2068 quidem
1247 2019 1306 2052 est
1335 2019 1490 2068 praeter
1520 2018 1571 2051 te.

516 2095 608 2138 Non
640 2104 699 2137 est
729 2110 896 2153 usquam
927 2109 1046 2151 rupes
1080 2097 1182 2136 sicut
1212 2094 1319 2136 Deus
1351 2102 1498 2136 noster.

440 2190 482 2225 [3]
517 2179 648 2222 Nolite
680 2181 883 2236 imaginari
915 2178 1105 2235 superbas
1138 2179 1222 2219 illas
1255 2178 1444 2236 loquelas,

515 2262 722 2305 Abstinete
754 2278 775 2302 a
809 2262 921 2303 dietis
954 2264 1038 2303 istis
1072 2261 1280 2303 ferocibus.

516 2345 614 2388 Nam
647 2345 754 2386 Deus
788 2353 847 2386 est
879 2347 1104 2395 omnsseius,

515 2429 579 2471 Ab
613 2444 658 2470 eo
691 2428 963 2485 ponderantur
996 2428 1198 2469 hominum
1229 2427 1341 2469 facta.

438 2523 482 2559 [4]
515 2512 739 2554 Fortissimi
770 2513 962 2569 sagittarii
995 2511 1242 2567 dejiciuntur,

512 2595 565 2638 Et
596 2595 741 2637 debiles
774 2611 814 2637 se
845 2594 989 2637 robore
1022 2597 1196 2651 cingunt.

437 2688 480 2728 [5]
514 2678 648 2721 Saturi
682 2678 732 2720 ob
766 2680 911 2720 victum
945 2693 1103 2735 operam
1135 2692 1244 2718 suam
1278 2677 1441 2726 elocant,

512 2762 564 2804 Et
596 2761 758 2803 famelici
789 2761 977 2804 feriantur
1008 2764 1048 2804 in
1079 2769 1326 2818 perpetuum.

515 2844 667 2887 Sterilis
700 2848 803 2902 parit
835 2847 991 2902 septies,

510 2928 561 2970 Et
592 2944 691 2986 quae
724 2929 915 2972 foecunda
952 2928 1027 2971 suit
1057 2928 1196 2970 effoeta
1229 2927 1284 2969 fit.
