1867 3301
814 251 829 253 „
846 180 1087 253 23*

203 325 449 378 hominibus,
489 323 741 365 luctabantur
774 336 868 363 caro
903 330 937 363 et
969 322 1136 377 spiritus
1169 318 1216 373 (1
1252 321 1354 364 Petr.
1385 321 1451 370 ΪΠ,
1489 319 1583 375 18),
1627 322 1696 365 sed

206 423 324 465 quum
374 406 672 462 θεάνθρωπος
721 414 840 453 esset,
892 414 929 445 et.
976 407 1185 461 »apparuit
1225 414 1267 446 ut
1306 414 1461 461 peccata
1502 406 1693 455 tolleret«,

206 494 407 534 victoriam
430 490 536 531 facile
560 491 796 546 reportavit,
822 497 859 529 et
882 497 1110 545 »peccatum
1131 491 1171 529 in
1194 503 1239 530 eo
1263 504 1342 530 non
1367 497 1473 530 erat«
1498 486 1538 542 (1
1554 487 1694 530 Joann.

207 575 269 625 uI,
297 573 353 628 5).
420 572 480 627 (4)
518 573 697 630 Denique
736 574 1009 629 superstitiosa
1041 572 1135 614 haec
1169 574 1303 629 opinio
1338 572 1383 614 de
1417 580 1578 613 externa
1609 587 1699 628 pec-

206 661 277 700 eati
313 659 463 714 origine
498 671 613 713 quam
647 655 903 698 refutavimus
937 671 1016 697 non
1049 654 1167 698 modo
1193 656 1385 697 revelatae
1409 664 1605 713 repugnat
1625 657 1699 698 rel-

205 743 360 798 ligioni,
396 755 531 782 verum
564 742 677 781 etiam
712 748 847 782 contra
878 739 1007 781 bonos
1040 743 1080 781 in
1101 740 1299 796 republica
1322 754 1450 781 mores
1474 741 1553 780 vim
1575 754 1700 796 quan-

207 825 294 866 dam
327 833 492 866 exercet.
540 824 584 865 In
615 824 755 880 puerili
789 823 993 880 disciplina
1025 818 1183 865 liberos‘
1201 832 1361 865 nostros
1393 838 1696 873 commonemus,

209 918 252 950 ut
282 923 376 951 suos
408 911 587 964 ipsorum
620 910 817 964 appetitus
851 906 1089 963 gubernent,
1135 915 1180 948 ut
1210 909 1309 957 irae,
1351 907 1485 963 gulae,
1527 906 1698 948 libidinis

208 992 512 1034 dominationem
545 999 738 1032 recusent.
790 990 924 1032 Omnis
957 1005 1173 1046 puerorum
1195 989 1399 1047 disciplina
1420 992 1539 1032 sumit
1559 1004 1701 1032 unum-

209 1090 401 1133 quemque
442 1090 534 1116 suae
567 1076 723 1116 virtutis
766 1073 950 1115 tutandae
989 1088 1098 1115 rcum
1131 1088 1233 1124 esse,
1278 1082 1314 1114 et
1348 1072 1486 1115 debere
1519 1073 1701 1116 damnum

208 1160 478 1217 qualecunque
511 1166 722 1215 praestare.
786 1157 861 1199 Ubi
894 1165 1022 1200 autem
1056 1165 1157 1199 esset
1187 1156 1285 1198 illud
1317 1156 1509 1208 officium,
1544 1160 1577 1199 si
1610 1172 1702 1200 con·-

210 1243 431 1285 cederemus
464 1257 545 1283 non
578 1257 650 1284 sua
680 1243 806 1298 ipsius
840 1241 953 1297 culpa
984 1255 1140 1297 peccare
1172 1255 1360 1298 puerum,
1400 1241 1468 1283 sed
1500 1244 1593 1297 quia
1622 1256 1702 1283 ma-

211 1329 366 1369 litiosus
409 1326 575 1368 daemon
609 1325 842 1368 imbecillum
875 1333 993 1381 atque
1025 1327 1276 1366 immaturum
1309 1326 1480 1366 animum
1512 1324 1561 1366 ad
1592 1339 1700 1367 suam

214 1413 420 1468 perniciem
454 1409 675 1451 seduxerit!
716 1409 767 1450 Et
799 1411 1109 1466 quotiescunque
1141 1409 1347 1450 hortamur
1378 1423 1544 1465 puerum
1575 1417 1621 1451 ut
1642 1423 1703 1450 ca-

213 1504 300 1537 veat
331 1510 378 1536 ne
412 1510 432 1535 a
466 1493 745 1550 condiscipulis
778 1495 859 1534 suis
894 1501 1187 1549 corrumpatur,
1226 1495 1513 1535 meminerimus
1547 1500 1705 1550 oportet

214 1579 310 1637 quid
345 1578 463 1620 Petro
506 1577 650 1618 dixerit
690 1576 804 1618 Jesus
846 1574 1013 1630 (Matth.
1045 1576 1158 1627 XVI,
1190 1574 1292 1629 23):
1336 1576 1498 1634 »Apage
1539 1575 1704 1619 Satanas

214 1660 255 1715 (i.
280 1678 311 1704 e.
338 1658 547 1713 tentator);
581 1659 806 1703 scandalum
839 1660 933 1702 mihi
967 1675 1026 1710 es,
1062 1661 1154 1717 quia
1185 1675 1265 1701 non
1299 1662 1403 1716 sapis
1437 1674 1480 1701 ea
1502 1674 1601 1717 quae
1621 1660 1706 1705 Dei

215 1755 326 1797 sunt,
361 1745 431 1787 sed
462 1760 505 1786 ea
539 1759 638 1802 quae
671 1753 764 1786 sunt
794 1743 1039 1786 hominum«
1096 1743 1317 1797 Quinetiam
1348 1746 1389 1784 in
1419 1743 1576 1800 publica
1602 1744 1704 1800 juris

215 1830 551 1872 administratione
591 1828 698 1870 nulla
738 1827 922 1869 facinoris
963 1829 1165 1868 excusatio
1200 1827 1402 1869 deterioris
1436 1828 1603 1885 exempli
1634 1836 1703 1873 est,

216 1928 333 1972 quam
373 1915 406 1954 si
447 1915 535 1969 quis
575 1913 866 1953 monomaniam
906 1910 1099 1967 quandam
1131 1910 1372 1967 protendens
1405 1925 1444 1952 se
1477 1926 1558 1952 non
1590 1913 1705 1953 animi

216 2006 435 2054 compotem
475 1996 595 2038 fuisse
636 1995 896 2045 simulaverit,
938 1994 1007 2036 sed
1046 1995 1146 2036 malo
1188 1997 1330 2052 spiritu
1370 1996 1581 2036 animatum
1617 1995 1705 2036 ideo

217 2081 425 2124 dumtaxat
445 2095 638 2137 peccasse.
681 2079 785 2121 Bene
808 2077 1289 2120 observavitWetstenius
1309 2075 1375 2132 (ad
1390 2078 1532 2121 Matth.
1550 2078 1617 2129 IV,
1637 2077 1704 2121 24.

216 2181 255 2222 p.
279 2162 396 2218 281),
433 2163 479 2206 de
508 2163 758 2205 daemoniaca
780 2177 879 2220 quae
902 2170 1067 2205 vocatur
1087 2164 1339 2219 possessione
1362 2162 1579 2219 disputans,
1614 2164 1706 2219 »qui

217 2249 313 2290 haec
350 2257 492 2289 temere
533 2256 571 2288 et
611 2249 691 2289 sine
731 2245 965 2303 probatione
1006 2245 1143 2295 credit,
1191 2260 1270 2302 quo
1306 2246 1395 2301 jure
1435 2245 1707 2287 condemnabit

220 2332 342 2374 l'urem
376 2340 443 2373 aut
473 2331 665 2372 latronem
698 2329 903 2371 habentem
936 2331 1228 2370 excusationem
1261 2343 1301 2370 se
1325 2343 1451 2385 neque
1474 2331 1617 2371 sciente
1639 2344 1706 2370 nec

221 2416 373 2458 volente
406 2414 550 2456 factum
583 2428 665 2455 esse
699 2415 926 2470 quicquam,
962 2412 1030 2453 sed
1059 2411 1257 2453 diabolum
1282 2411 1427 2453 callidis
1450 2411 1599 2453 artibus
1623 2427 1708 2454 cor-

219 2514 295 2556 pus
328 2513 442 2540 suum
475 2500 664 2539 invasisse
698 2505 812 2554 atque
845 2495 1107 2537 membrorum
1134 2497 1348 2537 ministerio
1373 2494 1539 2536 abusum
1562 2495 1709 2537 fuisse?

221 2582 331 2640 quod
371 2597 560 2624 summam
601 2580 869 2623 confusionem
909 2588 1080 2637 pareret,
1127 2593 1355 2635 omnemque
1393 2580 1707 2622 testimoniorum

222 2666 492 2709 certitudinem
522 2669 724 2723 ipsamque
758 2679 944 2706 sensuum
976 2663 1208 2705 evidentiam
1241 2661 1424 2703 eluderet.
1439 2678 1454 2696 «

340 2749 479 2790 Valeat
509 2752 649 2806 igitur,
683 2751 724 2790 in
754 2756 988 2805 perpetuum
1022 2747 1163 2797 valeat,
1207 2754 1436 2803 portentosa
1469 2746 1563 2786 haec
1594 2753 1708 2802 atque

226 2835 415 2875 haeretica
456 2835 704 2889 superstitio,
748 2832 927 2873 hodierni
959 2830 1249 2872 Manichaeismi
1289 2829 1395 2870 larva
1436 2837 1473 2870 et
1511 2828 1710 2870 terricula-

225 2925 414 2967 mentum,
456 2918 601 2974 peccati
644 2916 936 2959 sollicitationes
973 2929 1053 2957 non
1087 2915 1137 2956 ab
1168 2914 1276 2957 intus
1307 2912 1376 2955 sed
1409 2912 1458 2955 ab
1492 2918 1607 2955 extra
1636 2911 1710 2953 ho-
