1867 3301
944 191 1008 237 76

230 336 398 393 quodam
424 334 489 377 ‘ab
530 334 639 374 alatis
682 334 867 373 ministris
909 340 1148 380 sustentato,
1195 330 1396 372 sublimem
1431 329 1539 373 Coeli
1569 330 1716 388 Regem

231 428 385 475 portare
420 416 666 458 videbantur.
729 415 879 456 Psaltes
919 416 1049 471 itaque
1083 411 1201 467 (CIV,
1228 411 1269 466 3)
1308 416 1359 454 ait
1391 413 1582 455 Jehovam
1614 430 1716 455 »nu—

231 504 343 545 bibus
382 516 454 557 pro
497 515 617 541 curru
660 502 716 540 uti
749 507 787 539 et
816 506 1027 539 ventorum
1058 498 1126 538 alis
1160 496 1375 538 incedere«
1438 495 1570 537 Nubes
1603 499 1714 546 enim,

231 601 328 642 quae
362 584 670 640 qualemcunque
703 581 878 623 animalis
911 580 1074 622 formam
1109 580 1279 622 induunt
1311 579 1544 632 (γίγνονται
1573 574 1717 621 πάνθ’

231 667 295 710 ὅτι
317 666 548 721 βούλονται
571 665 778 722 Aristoph.
801 664 906 706 Nub.
932 663 1029 706 348.
1071 663 1117 704 cf,
1143 663 1356 720 Shaksper.
1379 662 1534 704 Hamlet
1562 662 1639 704 Act
1657 662 1716 704 111.

232 767 283 794 se.
308 749 365 805 2),
401 752 546 807 optime
579 731 891 790 accommodatae
925 747 1090 802 suntad
1114 749 1225 787 vivos
1248 746 1319 787 Dei
1342 748 1542 787 ministros
1564 760 1719 803 reprae-

232 834 466 885 sentand0s3
500 835 595 890 quin
627 831 836 874 etiamdum
869 839 997 873 exstat
1028 818 1451 886 poema'Sanscrituln,
1487 831 1548 870 cui
1581 829 1718 870 titulus

233 918 458 961 inscribitur
488 916 778 972 slseyha·d22m
816 918 840 956 i.
874 930 904 956 e.
947 914 1070 955 nubes
1100 914 1263 966 vnwztia,
1309 915 1369 953 eui
1410 912 1522 953 exsul
1562 911 1719 969 quidam

234 1005 416 1059 spiritus,
450 1010 636 1057 tanquam
669 998 898 1041 multiformi
922 997 1057 1039 [ndrae
1091 999 1226 1045 amico,
1260 995 1443 1036 mandata
1475 995 1525 1036 ad.
1554 1009 1720 1037 uxorem

234 1101 343 1128 suam
377 1083 583 1126 deferenda
615 1084 832 1125 committit.
880 1079 1067 1122 Hebraeis
1102 1087 1229 1121 autem
1262 1078 1386 1120 nubes
1408 1080 1541 1134 potius
1565 1092 1720 1120 currum

235 1171 325 1220 Dei,
360 1178 397 1210 et
429 1167 581 1209 divinae
614 1167 827 1222 majestatis
860 1163 1153 1206 tabernaculum
1185 1161 1427 1212 indicabant,
1463 1176 1579 1218 quam
1608 1163 1722 1203 mini-

235 1262 338 1295 stros
370 1252 458 1294 illos
491 1251 552 1292 vel
584 1251 848 1306 apparitores,
884 1250 951 1305 qui
978 1248 1091 1303 jussa
1124 1247 1206 1302 ejus
1242 1245 1576 1302 exsequebantur,
1620 1259 1721 1301 quos

236 1339 310 1394 ipsi
342 1318 567 1402 D³Qbfl772
602 1348 675 1375 nos
708 1341 836 1374 autem
868 1333 1024 1373 nomine
1057 1344 1079 1370 a
1099 1329 1228 1372 Persis
1260 1344 1331 1385 per
1354 1328 1522 1371 Graecos
1546 1328 1720 1370 derivato

236 1418 340 1473 (vide
374 1418 528 1460 doctam
552 1418 607 1459 M,
630 1416 679 1458 H.
702 1415 918 1472 Leducquii
952 1414 1264 1455 dissertationem
1296 1414 1336 1453 in
1367 1412 1432 1453 the
1464 1414 1722 1454 transactions

237 1503 281 1545 of
306 1504 371 1545 the
392 1501 653 1558 Philological
684 1502 834 1555 society
862 1498 907 1540 of
923 1497 1091 1540 London
1124 1497 1201 1538 vol.
1220 1496 1286 1537 VI.
1321 1511 1385 1537 no.
1414 1493 1526 1550 132),
1561 1495 1724 1553 anyelos

236 1587 488 1644 appellamus.
552 1584 680 1626 Hosce
722 1583 886 1639 anyelos
924 1582 1022 1623 nihil
1054 1595 1135 1623 esse
1168 1581 1242 1621 nisi
1275 1586 1410 1621 ventos
1442 1587 1559 1635 atque
1589 1580 1724 1635 iynem

226 1670 487 1728 ιἵάὖνηὶφῑιε’ῑιφη,
523 1670 591 1725 qui
619 1682 706 1708 cum
727 1666 899 1707 nubibus
922 1674 1001 1707 tam
1023 1666 1197 1706 intimam
1221 1664 1443 1704 societatem
1465 1662 1622 1712 habent,
1657 1664 1724 1718 qui

237 1762 364 1796 autem
396 1760 524 1794 tantas
556 1753 597 1792 in
619 1759 762 1792 terram
785 1752 885 1791 vires
912 1756 1110 1797 exercent,
1147 1746 1389 1788 demonstrat
1409 1746 1518 1787 locus
1542 1745 1724 1787 classicus

236 1837 380 1879 Psalmi
407 1834 505 1885 CIV,
530 1834 569 1876 4.
604 1832 673 1875 ubi
704 1834 887 1890 legimus:
924 1831 1073 1873 »Deum
1107 1830 1181 1872 sibi
1212 1831 1447 1871 constituere
1475 1836 1611 1871 ventos
1640 1837 1725 1870 tan-

238 1935 355 1979 quam
387 1919 552 1975 anyelos
583 1927 690 1967 suos‘,
726 1925 764 1958 et
782 1914 973 1969 flammas
993 1916 1134 1970 {queas
1159 1922 1345 1969 tanquam
1366 1914 1566 1954 ministros
1588 1927 1724 1954 suos.«

237 2005 288 2046 Et
319 2018 441 2061 quum
474 2016 594 2044 arcus
617 2000 785 2056 pluvius
816 2001 897 2040 sive
917 1998 998 2041 Iris
1030 2000 1081 2038 sit
1112 1998 1224 2053 quasi
1256 2010 1357 2052 pons
1389 1998 1490 2038 inter
1515 1997 1665 2038 coelum
1691 2004 1726 2038 et

240 2098 398 2136 terram,
442 2100 556 2142 quem
592 2083 699 2125 Deus
736 2081 951 2124 secundum
987 2080 1186 2122 Hebraeos
1226 2081 1269 2121 in
1305 2080 1409 2121 nube
1443 2082 1581 2136 posuit
1612 2077 1725 2134 (Gen.

239 2171 305 2220 IX,
329 2166 413 2221 13),
439 2182 553 2225 quem
571 2166 707 2209 Graeci
731 2180 889 2223 quoque
910 2174 1097 2221 tanquam
1121 2164 1214 2205 coeli
1237 2171 1274 2205 et
1295 2171 1419 2204 terrae
1440 2165 1726 2205 internuncium

240 2252 456 2310 lingebant,
490 2253 630 2292 mirum
660 2264 742 2290 non
771 2258 830 2290 est
859 2248 968 2304 quod
997 2248 1072 2289 hoe
1103 2262 1196 2289 arcu
1218 2248 1329 2303 quasi
1352 2246 1401 2287 ad
1433 2246 1635 2288 coelestem
1656 2245 1727 2287 Dei

241 2337 367 2378 aulam
400 2332 441 2388 (i.
467 2348 497 2375 e.
530 2329 692 2386 Bethel)
726 2331 873 2373 aditum
908 2339 1039 2387 patere
1074 2328 1349 2371 existimabant
1378 2329 1590 2378 Israelitae‚
1633 2343 1724 2385 quo,

243 2429 426 2477 tanquam
451 2416 553 2459 scala
573 2424 697 2458 terrae
718 2417 853 2456 innixa
876 2413 944 2455 sed
967 2428 1064 2470 quae
1088 2413 1136 2454 ad
1159 2413 1307 2454 coelum
1330 2426 1455 2468 usque
1476 2413 1725 2468 pertingeret,

241 2504 313 2544 Dei
353 2503 553 2544 ministros
590 2508 783 2556 perpetuo
825 2498 1072 2540 ascendentes
1113 2505 1150 2538 et
1189 2495 1462 2537 descendentes
1504 2493 1728 2551 cogitabant

244 2584 357 2639 (Gen.
375 2584 554 2634 XXVIII,
579 2580 661 2637 12).
713 2582 843 2636 Quum
874 2583 994 2638 igitur
1022 2582 1203 2637 primitus
1226 2578 1363 2621 Judaei
1385 2593 1458 2635 pro
1486 2578 1631 2635 angelis
1653 2577 1726 2619 illis

243 2679 280 2710 et
311 2670 495 2709 ministris
527 2667 619 2717 Dei,
654 2681 734 2708 non
766 2679 955 2722 personas
988 2663 1176 2720 quasdam
1208 2664 1289 2703 vita
1321 2676 1363 2702 ae
1394 2664 1544 2703 ratione
1576 2660 1729 2717 praedi-

244 2762 314 2802 tas,
345 2776 389 2781 —
419 2753 479 2792 cui
513 2752 691 2807 opinioni
721 2757 915 2805 repugnat
946 2749 1060 2790 etiam
1092 2749 1177 2804 ipsa
1200 2744 1380 2788 vocabuli
1409 2728 1554 2812 Ἶζξιᾚὲ
1583 2743 1726 2793 forma3

245 2849 397 2891 »neque
437 2835 537 2875 enim
571 2833 691 2875 ullum
722 2847 883 2882 nomen,
928 2833 989 2873 cui
1021 2829 1133 2873 illem
1164 2829 1382 2886 praefixum
1414 2809 1505 2878 est,¹
1532 2829 1607 2868 vim
1639 2841 1727 2882 per-

245 2933 362 2961 sonae
395 2919 565 2960 innatam
598 2916 733 2967 habet,
769 2917 837 2958 sed
869 2930 937 2973 per
970 2914 1262 2958 translationem
1295 2912 1478 2955 abstracti
1510 2914 1549 2953 in
1571 2924 1727 2953 concre-
