1867 3301
858 186 1135 258 „EQ--

249 339 350 366 mam
381 323 544 367 Davidis
584 326 801 382 potentiam
832 324 1035 367 Philistaei
1076 328 1176 367 inter
1212 327 1460 367 saevissimos
1501 335 1539 368 et
1576 329 1743 369 maxime

250 407 530 450 formidolosos
556 409 816 451 Israelitarum
849 408 983 450 hostes
1018 409 1288 459 censebantur,
1323 410 1528 451 verisimile
1560 418 1619 451 cst
1641 409 1744 452 Sim-

249 494 357 533 sonis
390 492 614 543 historiam,
655 507 753 550 quae
785 494 825 533 in
857 492 948 533 Jud.
983 508 1036 534 ce.
1059 492 1317 534 XllI—-XVI
1346 502 1548 543 narratur,
1581 502 1743 550 pontem

249 578 361 632 quasi
394 577 634 632 trajectionis
667 592 763 627 esse,
798 592 876 634 quo
909 592 932 618 a
952 576 1136 618 Judicum
1168 576 1412 633 temporibus
1445 577 1494 618 ad
1526 591 1608 618 eam
1639 585 1744 618 aeta-

247 667 324 700 tem
356 668 600 701 transeamus
635 675 713 717 qua
743 675 908 718 regnum
930 663 1031 703 inter
1050 661 1242 702 Israelitas
1266 659 1592 702 constituebatur.
1635 659 1742 714 Quae

250 757 372 799 quum
404 745 457 784 ita
490 745 579 794 sint,
615 746 669 784 sic
704 743 859 785 ordines
892 744 981 786 lieet
1010 727 1218 801 periodum
1244 744 1470 785 historicam
1493 758 1514 784 a
1536 752 1743 786 castrame-

251 829 395 867 tatione
420 826 633 883 Gilgalensi
665 828 715 868 ad
747 827 858 869 Sauli
888 843 1073 884 regnum,
1109 830 1169 869 cui
1198 828 1388 869 Herveius
1421 836 1568 878 noster,
1600 842 1742 884 genea-

248 909 364 966 logiis
396 909 533 960 fretus,
567 925 648 951 non
679 911 768 968 plus
803 925 919 968 quam
953 910 1094 953 CCXL
1126 926 1250 952 annos
1284 911 1472 953 concedit.

247 1076 394 1119 Josuae
426 1079 591 1119 victoria
1148 1078 1232 1120 Jos.
1264 1093 1296 1119 e.
1318 1079 1370 1120 X.

249 1160 443 1202 Othnielis
474 1163 681 1218 imperium
1147 1161 1240 1202 Jud.
1274 1176 1305 1203 e.
1328 1162 1394 1211 III,
1419 1162 1445 1204 8
1462 1187 1507 1192 -
1526 1161 1592 1204 11.

248 1243 477 1302 Shamgaris
510 1246 675 1286 victoria
1147 1244 1245 1301 Jud.*
1275 1260 1305 1286 c.
1327 1245 1395 1295 ΙΙΙ,
1420 1244 1487 1287 31.

247 1327 427 1369 Deborae
461 1330 625 1369 victoria
1145 1328 1229 1369 Jos.
1264 1344 1294 1369 c.
1318 1328 1385 1369 XI.
1418 1328 1509 1369 Jud.
1545 1344 1576 1370 c.
1599 1328 1665 1378 IV,
1688 1329 1738 1369 V.

247 1411 391 1461 Ehudi,
428 1410 629 1462 Gideonis,
653 1410 847 1467 Jephthae
874 1425 935 1452 res
961 1419 1092 1468 gestae
1144 1411 1508 1462 Jud.111‚12—30,
1527 1411 1738 1461 VI—VIII,

308 1503 347 1535 et
376 1497 582 1552 imperium
1205 1494 1279 1545 XI,
1302 1495 1392 1546 XII,
1422 1496 1440 1537 1
1460 1520 1505 1526 —
1521 1496 1559 1536 7.

249 1576 369 1619 Varia
382 1580 582 1619 variorum
600 1579 776 1633 imperia,
795 1593 845 1619 ex
861 1580 936 1620 isto
955 1580 1093 1619 trium-

308 1663 439 1702 viratu
473 1661 641 1702 oriunda
1146 1661 1237 1702 Jud.
1260 1661 1328 1711 IX,
1351 1662 1402 1712 X,
1425 1662 1509 1712 XII,
1535 1662 1562 1704 8
1577 1688 1622 1693 -
1643 1661 1708 1704 15.

247 1744 397 1787 Eodem
428 1744 506 1786 fere
528 1753 704 1802 tempore
737 1745 847 1786 civile
879 1744 1022 1786 bellum
1048 1753 1086 1786 et

306 1828 655 1884 Benjaminitarum
689 1828 883 1870 excidium
1145 1828 1236 1869 Jud.
1259 1828 1367 1879 XIX,
1391 1829 1482 1878 XX,
1506 1829 1614 1870 XXI.

247 1911 400 1953 Michae
414 1912 579 1954 historia
593 1912 867 1954 etDanitarum
882 1912 1080 1968 expeditio
1143 1911 1234 1953 Jud.
1260 1912 1383 1962 XVII,
1409 1912 1547 1954 XVIII.

248 1994 552 2037 Philistaeorum
583 1995 799 2037 dominatio
829 2005 866 2038 et
890 1995 1083 2038 Simsonis

308 2079 472 2120 Danitae
503 2095 565 2121 res
597 2088 728 2136 gestae
761 2088 798 2121 et
829 2081 1033 2136 imperium
1141 2078 1231 2120 Jud.
1256 2078 1524 2120 XIII—XVI.

363 2233 429 2288 Ex
466 2248 543 2287 isto
576 2260 706 2287 rerum
738 2255 935 2303 gestarum
970 2247 1124 2297 ordine,
1167 2261 1280 2304 quem
1312 2261 1425 2288 nemo
1459 2254 1553 2303 post
1582 2246 1738 2288 Herveii

250 2328 556 2386 disputationem
578 2329 639 2370 vel
661 2344 795 2370 verum
829 2344 911 2371 esse
935 2330 995 2371 vel
1018 2345 1110 2371 vero
1143 2332 1368 2386 proximum
1390 2329 1560 2387 negabit,
1595 2329 1738 2371 affatim

249 2413 373 2470 liquet
403 2413 549 2454 scribas
571 2412 858 2454 Masorethicos
892 2415 1072 2454 eximiam
1094 2421 1269 2454 veterum
1302 2413 1625 2454 documentorum
1657 2428 1738 2454 ma-

252 2499 407 2546 teriam,
442 2511 518 2553 qua
552 2495 823 2546 abundabant,
856 2511 926 2538 nec
959 2496 1131 2553 digerere
1162 2498 1339 2553 potuisse
1371 2511 1440 2537 nec
1472 2498 1565 2537 satis
1597 2495 1738 2537 intelli-

249 2595 352 2635 gere.
402 2579 555 2633 Quibus
586 2588 715 2621 tamen
738 2580 837 2621 hanc
857 2582 1021 2637 gratiam
1043 2579 1243 2629 habemus,
1279 2579 1388 2635 quod
1414 2581 1587 2636 integros
1610 2579 1736 2620 saltim

249 2677 402 2718 pannos
437 2663 692 2713 consuebant,
727 2678 827 2720 quos
859 2665 1043 2705 resarcire
1075 2665 1285 2720 possimus,
1321 2671 1437 2719 atque
1463 2665 1517 2704 ita
1537 2664 1736 2720 antiquam

251 2753 397 2787 vestem
431 2746 715 2802 quadamtenus
748 2747 1024 2804 redintegrare.
