1867 3301
285 325 510 370 fasciculum
544 335 772 384 cooptatum
805 334 917 376 esset,
957 325 1173 383 doxologia
1203 326 1357 384 plenior
1388 326 1622 384 colophonis
1655 328 1777 370 instar

285 420 424 453 mutuo
457 418 614 467 sumpta
645 409 909 467 repetebatur.

405 493 609 537 Canticum
642 496 791 550 ipsum,
829 501 875 535 ut
906 493 1033 542 vides,
1069 495 1107 534 in
1139 495 1386 549 prooemium
1419 502 1457 535 et
1488 507 1559 535 sex
1590 495 1774 552 strophas

287 577 490 627 distribui,
532 592 675 634 easque
715 592 764 619 ex
801 579 1081 619 sententiarum
1112 591 1219 618 nexu
1250 579 1351 619 inter
1380 577 1618 634 praefectum
1651 578 1774 628 chori,

287 662 451 703 eliorum
489 663 738 710 universum,
782 669 820 702 et
860 660 1099 702 hemichoria
1138 662 1312 702 virorum
1352 660 1680 718 feminarumque,
1724 664 1777 703 ita

287 743 508 799 dispertivi,
542 752 587 785 ut
617 744 807 786 didactica
837 726 1054 800 praesecto,
1095 745 1247 785 acriora
1278 753 1315 785 et
1346 744 1637 786 vehementiora
1669 746 1774 794 viris,

286 827 472 869 hilariora
504 827 655 869 seminis
689 830 947 884 assignarem3
981 842 1070 869 nam
1093 827 1250 869 eandem
1280 828 1401 884 legem
1424 829 1463 868 in
1486 827 1665 869 Deborae
1688 842 1777 869 can-

289 912 363 952 tico
397 910 670 953 distribuendo
705 910 926 953 observavi.

403 994 490 1036 Jam
513 1009 605 1036 vero
640 994 939 1050 dispositionem
971 996 1161 1050 partium,
1195 995 1473 1035 sententiarum
1498 1008 1656 1044 nexum,
1689 996 1778 1035 uni-

288 1093 444 1119 versum
485 1079 665 1119 carminis
698 1092 873 1127 sensum,
915 1079 1106 1119 rationem
1140 1086 1338 1134 artemque
1370 1085 1509 1133 poetae
1542 1078 1779 1134 contemple-

288 1176 386 1211 mur,
421 1169 466 1202 ut
486 1161 687 1202 videamus
720 1169 964 1217 quantopere
997 1161 1092 1202 haec
1124 1162 1255 1202 onmia
1281 1175 1368 1202 cum
1391 1160 1650 1202 Solomoneae
1672 1160 1778 1202 aedis

289 1244 531 1287 dedicatione
554 1246 800 1286 conveniant.
841 1244 1007 1286 Exordii
1030 1246 1153 1286 instar
1176 1241 1256 1302 (vv.
1282 1241 1428 1297 2-4),
1458 1253 1503 1286 ut
1524 1253 1636 1286 antea
1658 1245 1779 1301 signi-

288 1328 419 1378 ficavi,
440 1330 747 1385 praemittuntur
768 1342 812 1369 ea
834 1330 919 1385 ipsa
940 1327 1072 1378 verba,
1098 1342 1197 1385 quae
1218 1328 1352 1370 Moses
1374 1329 1627 1384 pronunciari
1642 1328 1776 1383 jussit,

289 1414 444 1469 quoties
478 1426 566 1454 arca
597 1427 647 1453 ex
678 1427 757 1453 uno
790 1412 877 1453 loco
910 1414 950 1452 in
982 1412 1100 1453 alium
1132 1420 1281 1454 mutata
1312 1413 1479 1453 statione
1510 1410 1779 1453 transferenda

289 1505 410 1546 esset3
443 1496 507 1537 hic
537 1504 665 1537 autem
689 1511 839 1537 summa
860 1497 899 1536 vi
921 1494 1080 1550 subjicit
1104 1504 1234 1552 poeta,
1268 1494 1406 1544 Deum,
1439 1497 1505 1551 qui
1526 1481 1661 1536 hostes
1683 1509 1778 1536 suos

290 1581 537 1629 comminuit,
577 1579 728 1636 probos
766 1588 896 1621 tamen
926 1579 1118 1620 Israelitas
1157 1580 1308 1635 magnis
1339 1578 1536 1620 beneficiis
1569 1578 1778 1620 cumulare.

288 1662 352 1705 Ex
383 1671 523 1704 natura
562 1665 617 1704 rei
649 1665 840 1704 vincimus
873 1663 949 1703 hoc
979 1663 1226 1719 prooemium
1257 1661 1305 1702 ab
1338 1663 1524 1703 universo
1558 1662 1678 1703 choro
1714 1661 1780 1702 de-

291 1754 487 1787 cantatum
519 1761 624 1797 esse3
665 1754 723 1787 est
756 1748 856 1787 enim
888 1747 1002 1802 quasi
1032 1760 1157 1802 paean
1190 1747 1290 1801 quis,
1330 1759 1409 1801 quo
1442 1745 1636 1786 Israelitae
1668 1759 1779 1801 prae-

291 1844 378 1871 sens
411 1829 482 1871 Dei
522 1829 710 1870 auxilium
751 1832 791 1870 in
829 1830 980 1886 proelio
1015 1829 1291 1870 committendo
1331 1827 1620 1884 praedicabant.
1675 1826 1779 1881 Quid

291 1912 400 1969 quod
433 1912 628 1954 Oliverius
661 1911 872 1955 Cromwell
910 1913 1045 1954 eodem
1076 1912 1152 1954 hoc
1185 1911 1349 1954 exordio
1382 1913 1422 1952 in
1452 1925 1586 1968 pugna
1617 1909 1780 1952 Dunba-

290 1998 407 2037 riensi
446 2005 632 2052 tanquam
672 1996 822 2038 barritu
863 1997 1035 2053 quodam
1074 1994 1290 2037 utebatur?
1348 1993 1484 2050 Neque
1525 2003 1652 2035 tamen
1682 1993 1779 2034 illud

290 2081 419 2120 minus
459 2079 793 2121 accommodatum
828 2088 886 2121 est
925 2080 974 2121 ad
1006 2079 1219 2136 spiritalem
1251 2080 1392 2119 summi
1422 2076 1602 2119 Numinis
1635 2077 1780 2118 adven-

290 2171 374 2204 tum
414 2163 723 2219 significandum.
779 2162 878 2204 Nam
910 2165 1065 2219 quoties
1098 2164 1368 2204 intaminatum
1402 2160 1555 2202 divinae
1587 2161 1779 2202 illumina-

292 2248 410 2287 tionis
444 2245 565 2300 jubar
596 2246 704 2287 cordi
735 2255 963 2303 regenerato
997 2247 1188 2295 illuxerit,
1223 2245 1324 2286 illico
1359 2244 1571 2300 diffugiunt
1600 2243 1780 2285 tenebra-

292 2344 378 2370 rum
425 2337 664 2386 potestates3
715 2330 776 2377 τίς
814 2325 896 2383 γὰρ
935 2325 1089 2384 μετοχὴ
1133 2327 1379 2387 δικαιοσύνῃ
1417 2330 1489 2369 καὶ
1528 2325 1705 2382 ἀνομίᾳ,
1752 2324 1781 2382 ἤ

292 2415 353 2461 τίς
384 2415 587 2455 κοινωνία
618 2413 728 2467 φωτὶ
757 2408 864 2468 πρὸς
897 2408 1062 2462 σκότος,·
1103 2409 1154 2466 (2
1183 2410 1275 2454 Cor.
1300 2413 1373 2461 VI,
1409 2409 1499 2463 14).
1555 2409 1678 2464 Quem
1710 2409 1778 2450 ab·

294 2506 439 2540 sentem
478 2505 621 2553 putant
660 2497 946 2537 calumniantur
983 2497 1113 2551 impii3
1155 2495 1223 2536 sed
1262 2495 1422 2536 simulac
1454 2495 1606 2535 divinae
1638 2501 1779 2549 poten-

295 2583 368 2622 tiae
416 2582 527 2637 signa
579 2582 830 2636 agnoverint,
888 2578 1019 2620 subito
1071 2580 1210 2619 timore
1257 2577 1455 2633 trepidant
1501 2584 1538 2617 et
1582 2576 1780 2617 humiliter

295 2664 537 2719 demisseque
586 2665 770 2705 sentiunt.
843 2662 893 2704 Ut
941 2662 988 2703 de
1031 2661 1164 2717 Ajacis
1212 2659 1394 2702 hostibus
1441 2660 1618 2716 loquitur
1661 2667 1779 2715 poeta

294 2749 484 2803 tragicus:

749 2839 818 2880 ὅτε
847 2836 930 2893 γάρ
965 2836 1019 2894 δή
1049 2834 1095 2879 τὸ
1130 2833 1207 2878 σὸν
1238 2837 1337 2892 ὄμμ’
1369 2832 1566 2890 οἷπέδραν

508 2910 771 2962 παταγοῦσιν
802 2909 879 2951 ἅτε
909 2909 1080 2964 πτηνῶν
1110 2906 1282 2959 ἀγέλαι·
