1867 3301
849 277 913 281 X
937 209 1115 280 {OQ

242 361 315 392 tam
358 350 454 391 (luas
494 359 581 391 ante
624 350 813 391 diluvium
846 347 1101 390 Noachanum
1133 350 1380 407 genealogias
1412 366 1529 407 quam
1563 354 1724 401 tertiam,

240 449 337 492 quae
378 434 525 475 diluvio
568 434 758 483 succedit,
800 433 848 473 ad
888 431 1089 473 arbitrium
1129 436 1364 489 scriptorum
1405 434 1591 475 conflatas
1628 434 1723 483 esst,

239 522 306 576 qui
337 518 598 574 etymologica
628 519 780 558 ratione
812 518 1029 572 exprimere
1051 517 1193 558 vellent
1224 517 1395 558 ethnicas
1427 517 1616 574 quasdam
1647 526 1726 559 tra-

239 602 406 642 ditiones
440 601 499 641 vel
540 602 746 656 opiniones
787 615 878 641 suas
919 599 965 641 de
1005 602 1202 656 primitiva
1242 600 1443 642 hominum
1487 600 1723 643 conditione.

240 685 317 726 Sed
356 687 395 725 in
435 686 561 740 primo
603 698 745 724 novem
785 685 986 724 nominum
1025 691 1224 725 stemmate
1267 684 1455 740 quaedam
1495 693 1588 726 sunt
1626 699 1725 741 quae

239 783 325 809 cum
358 767 506 809 diluvio
548 775 709 809 cunctos
749 767 926 808 homines
968 766 1158 808 obruente
1194 769 1355 814 ‚minime
1388 770 1645 817 conveniunt,
1689 776 1726 810 et

238 854 305 909 qui
326 851 562 894 Lamechum
595 853 658 892 isti
690 849 875 907 farragini
907 852 1115 892 immiscuit
1146 853 1281 892 miram
1313 853 1345 892 is
1369 850 1636 892 confusionem
1666 852 1725 891 in-

239 935 338 977 tulit.
400 933 498 975 Nam
538 943 640 975 terra
672 929 767 983 ἻἼΞ,
811 936 850 974 in
883 948 999 990 quam
1033 933 1209 990 confugit
1243 933 1390 987 Qainus
1424 931 1537 985 (Gen.
1562 934 1626 983 IV,
1655 930 1723 986 16)

236 1017 500 1076 proculdubio
542 1026 692 1074 spectat
731 1025 771 1057 at
810 1000 892 1062 *73¹7
935 1013 1057 1069 (Gen.
1088 1016 1146 1066 X,
1179 1014 1258 1070 22)
1291 1017 1351 1057 vel
1383 1016 1584 1074 Lydiam,
1625 1031 1724 1074 quae

238 1102 374 1144 Croesi
406 1111 581 1158 tempore
615 1102 822 1141 maximam
855 1101 1018 1140 minoris
1050 1099 1168 1140 Asiae
1200 1108 1349 1156 partem
1383 1098 1721 1156 complectebatur.

239 1186 285 1227 Et
317 1200 458 1227 nomen
492 1184 694 1233 Chanoki,
734 1183 843 1239 quod
877 1181 1024 1236 Qainus
1058 1182 1145 1224 urbi
1178 1198 1201 1224 a
1232 1198 1272 1224 se
1305 1192 1504 1225 extructae
1536 1184 1725 1239 imposuit

237 1267 349 1321 (Gen.
373 1268 439 1318 IV,
467 1264 556 1320 17),
590 1267 704 1323 plane
736 1266 871 1323 prodit
903 1265 1128 1315 Annaeum,
1165 1268 1230 1323 qui
1262 1267 1350 1323 plus
1383 1281 1500 1323 quam
1529 1275 1723 1308 trecentos

236 1367 359 1393 annos
392 1353 553 1400 vixerit,
589 1359 627 1392 et
646 1351 840 1399 Iconium,
874 1350 1095 1406 Lycaoniae
1125 1350 1281 1400 urbem,
1316 1349 1534 1391 condiderit
1565 1346 1720 1406 (Steph.

234 1436 332 1492 Byz.
367 1450 397 1476 s.
423 1451 458 1475 v.
485 1431 690 1487 Ἰκόνιον).
753 1434 957 1476 Praeterea
988 1434 1182 1475 Lamecho
1222 1433 1452 1475 tribuuntur
1489 1433 1588 1474 duae
1620 1447 1723 1474 uxo-

235 1534 316 1568 res,
363 1533 530 1574 quarum
567 1517 656 1559 Ada
697 1516 871 1558 Jabalem
914 1519 1084 1574 peperit,
1137 1519 1204 1573 qui
1242 1524 1368 1573 pater
1406 1517 1480 1558 suit
1516 1524 1722 1573 pastorum

235 1602 308 1643 sub
340 1603 520 1643 tentoriis
543 1600 825 1650 habitantium,
862 1609 899 1642 et
919 1600 1117 1651 Jubalem,
1152 1603 1218 1657 qui
1244 1608 1369 1657 pater
1394 1600 1468 1641 fuit
1490 1600 1723 1641 citharizan·

233 1688 332 1727 tium
366 1686 540 1726 omnium
573 1693 610 1725 et
640 1683 864 1734 tibicinum,
898 1684 995 1724 Zilia
1021 1693 1149 1726 autem
1171 1686 1322 1741 peperit
1344 1684 1379 1725 T
1384 1684 1556 1733 ubalem,
1590 1682 1722 1725 fabro-

233 1784 320 1812 rum
359 1768 611 1810 serrariorum
650 1769 865 1824 principem
900 1764 1013 1820 (Gen.
1036 1767 1102 1817 IV,
1130 1765 1182 1809 19
1205 1764 1324 1824 sqq.).
1388 1766 1467 1809 Sed
1504 1767 1598 1808 haec
1629 1769 1722 1808 arti-

233 1854 348 1894 [icum
390 1860 427 1894 et
463 1860 669 1907 pastorum
710 1852 827 1891 series
867 1853 1051 1892 universo
1092 1851 1157 1892 illo
1197 1851 1344 1892 diluvio
1378 1849 1539 1907 abrepta
1569 1849 1719 1900 fuisset,

233 1939 265 1979 si
303 1936 518 1978 Lamechus
569 1943 656 1976 ante
694 1932 898 1975 Noachum
943 1936 1119 1975 vixisset.
1183 1934 1242 1975 Ac
1281 1934 1515 1976 Lamechum
1564 1933 1720 1990 quidem

232 2020 345 2060 aliam
377 2019 496 2060 fuisse
529 2014 816 2072 πολυωνύμου
846 2018 948 2059 illius
980 2017 1099 2058 Esavi
1132 2017 1460 2074 designationem,
1502 2019 1718 2074 perspicue,

232 2105 270 2145 ni
303 2103 428 2152 fallor,
463 2101 740 2143 demonstrabo
774 2116 896 2158 quum
928 2101 977 2142 ad
1009 2110 1192 2157 quartum
1218 2102 1337 2157 hujus
1359 2101 1487 2143 Partis
1509 2101 1721 2158 Fragmen-

232 2196 313 2228 tum
354 2186 600 2227 tractandum
641 2200 851 2227 accessero.
913 2186 1063 2226 Interea
1098 2193 1226 2226 autem
1259 2199 1491 2241 quaeramus
1525 2199 1603 2243 quo
1630 2185 1720 2240 jure

230 2270 396 2312 Kinnaei
428 2268 488 2308 vel
522 2267 621 2320 Qain
659 2270 760 2310 inter
792 2267 925 2309 Shemi
966 2268 1066 2309 filios
1106 2277 1371 2310 numerentur.
1433 2269 1477 2309 In
1510 2267 1604 2310 Gen.
1628 2267 1717 2317 XV,

235 2351 300 2401 19,
326 2351 381 2394 20
412 2350 594 2393 Kimmei
621 2347 763 2418 (ὉἾΡ)
797 2365 933 2406 agmen
967 2350 1116 2392 ducunt
1146 2352 1405 2407 populorum,
1440 2366 1541 2408 quos
1567 2350 1719 2393 Jehova

234 2437 440 2491 pollicetur
473 2449 513 2475 se
544 2433 771 2475 Abrahamo
812 2435 851 2474 in
894 2433 1079 2475 ditionem
1120 2433 1323 2483 daturum,
1365 2443 1402 2475 et
1439 2437 1619 2490 proxime
1659 2450 1719 2476 se-

232 2528 420 2576 quuntur,
454 2519 611 2558 nomine
644 2517 733 2558 inde
766 2517 954 2566 derivato,
986 2516 1236 2559 Kimzizzaei
1268 2514 1450 2586 (ἾὉΡ).
1506 2518 1591 2559 Jam
1624 2533 1716 2559 vero

233 2610 386 2644 constat
416 2601 615 2642 Kinnaeos
656 2602 838 2657 exiguam
870 2615 952 2642 esse
983 2600 1319 2657 Amalequitarum
1352 2603 1511 2657 stirpem
1545 2598 1584 2654 (1
1612 2600 1715 2643 Sam.

231 2685 321 2733 XV,
349 2682 414 2726 16.
450 2684 496 2725 cf.
519 2682 635 2725 Num.
659 2683 804 2733 XXIV,
830 2682 898 2733 20,
923 2681 1009 2736 21).
1058 2683 1326 2741 Amalequitae
1358 2692 1504 2734 autem,
1540 2686 1607 2741 qui
1629 2699 1717 2741 per-

231 2776 369 2825 petuas
403 2782 489 2808 cum
512 2767 694 2808 Israelitis
718 2769 936 2808 inimicitias
959 2766 1209 2817 exercebant,
1244 2782 1322 2808 una
1346 2782 1432 2809 cum
1454 2768 1714 2817 Kinnizzaeis,

232 2854 333 2892 inter
370 2850 488 2892 Esavi
527 2850 628 2892 filios
669 2859 925 2892 numerantur
965 2848 1084 2903 (Gen.
1114 2850 1307 2900 XXXVI,
1342 2848 1407 2900 11,
1442 2848 1533 2903 12).
1603 2849 1717 2892 Patet

232 2936 352 2990 igitur
391 2934 608 2984 Kinnacos,
651 2949 730 2976 una
769 2949 855 2976 cum
886 2933 1144 2991 Amalequitis
1186 2941 1224 2974 et
1259 2932 1527 2983 Kinnizzaeis,
1569 2934 1637 2990 qui
1675 2934 1716 2974 in
