1867 3301
920 205 1007 237 V111

220 335 383 378 tumvis
430 332 695 379 theocratica
739 334 810 378 illa
845 334 1141 379 Israelitarum
1180 334 1364 379 historia
1402 350 1497 379 eum
1533 337 1705 394 pietatis

219 439 371 468 norma
399 424 629 484 conjuncta
656 424 792 467 suerit.
833 424 973 482 Atque
1000 432 1049 468 ut
1068 424 1417 469 Jchovicolarum
1445 424 1551 469 fides
1578 424 1706 469 habe-

218 521 304 567 ret,
343 528 425 572 quo
462 515 727 567 inniteretur,
766 515 1059 572 conscriptus,
1098 514 1166 558 vcl
1198 516 1342 573 potius
1381 514 1638 573 compilatus
1668 521 1708 558 et

219 610 473 662 compactus
503 610 568 646 est
592 602 731 647 Liber
755 601 1004 647 Probe'latc's
1031 597 1191 665 (Ἶῖᾄζῗῖ
1217 603 1365 667 Ἶῷζθ),
1405 606 1499 663 qui,
1537 611 1586 647 ut
1611 618 1707 647 mea

218 691 302 735 sert
328 694 482 750 opinio,
521 692 702 738 docebat
736 692 949 737 hominem
978 695 1095 737 initio
1123 693 1307 751 probum
1334 692 1491 748 fuisse,
1530 693 1605 737 sed
1631 708 1707 752 per

220 781 435 825 carnalem
476 784 732 841 sapientiam
771 798 796 826 a
833 782 1143 842 spiritalilege
1182 782 1439 836 descivisse3
1484 783 1704 827 Israelitas

218 870 355 915 fuisse
383 871 540 916 electos
569 879 618 915 ut
646 874 777 916 istam
803 871 1033 931 probitatis
1060 872 1197 931 legem
1220 880 1528 916 conservarent
1549 888 1599 918 ac
1618 880 1706 917 tra-

219 960 386 1014 derent3
414 960 621 1005 Davidem
650 976 794 1020 regem
823 961 987 1006 sactum
1016 977 1134 1015 csse,
1170 970 1399 1021 propterea
1427 962 1539 1021 quod
1566 961 1707 1021 probi-

220 1057 353 1094 tatem
388 1050 649 1110 relligiosam
688 1050 864 1105 coleret,
904 1058 944 1094 ct
970 1058 1073 1110 post
1103 1051 1263 1094 multas
1292 1053 1498 1095 victorias
1526 1065 1707 1110 regnum

219 1154 392 1183 summa
418 1155 523 1199 pace
551 1140 791 1184 stabilitum
815 1140 1034 1183 Solomoni
1061 1139 1146 1184 filio
1173 1139 1425 1196 tradidisse,
1455 1142 1545 1200 qui,
1574 1155 1706 1200 quum

216 1229 425 1288 templum
445 1230 635 1274 Jchovae
664 1236 968 1274 consecrasset
995 1237 1034 1273 et
1053 1229 1165 1274 hane
1186 1237 1379 1273 veterum
1401 1231 1706 1274 recentiorum—

218 1333 298 1378 que
327 1320 567 1363 carminum
593 1318 902 1378 Anthologiam
931 1318 1134 1363 edendam
1162 1326 1356 1373 curaret,
1392 1319 1584 1364 felicitati
1609 1319 1706 1364 Jas-

215 1407 408 1452 haranae
442 1407 666 1468 fastigium
702 1410 967 1467 imposuisse
993 1408 1224 1453 videretur.
1275 1408 1518 1453 Verisimile
1549 1416 1615 1453 est
1642 1424 1706 1452 re-

218 1497 482 1557 demptorem
515 1497 611 1542 libri
647 1498 783 1542 suisse.
809 1498 1053 1542 Nathanem
1087 1498 1365 1557 prophetam,
1402 1498 1579 1543 Davidis
1608 1513 1706 1543 eon-

217 1587 448 1641 siliarium,
502 1588 746 1632 Solomonis
795 1587 1013 1632 doctorem
1061 1595 1100 1632 et
1146 1588 1449 1648 paedagogum
1493 1586 1547 1644 (2
1588 1587 1702 1632 Sam.

215 1676 315 1731 XII,
347 1675 450 1731 25),
489 1679 560 1736 qui
597 1679 723 1721 etiam
750 1677 939 1722 Annales
979 1679 1063 1724 sui„
1076 1680 1284 1737 temporis
1313 1679 1544 1737 scripsisse
1570 1677 1706 1722 fertur

217 1767 258 1821 (1
278 1766 462 1826 Paralip.
483 1766 634 1822 XXIX,
660 1766 754 1823 29),
775 1766 954 1827 jubente
977 1767 1171 1826 profecto
1194 1767 1436 1821 Solomone,
1468 1775 1508 1812 et
1521 1767 1704 1827 juvante

214 1854 407 1900 fortasse
443 1855 574 1900 Gado.
635 1857 734 1901 Fuit
768 1859 901 1916 igitur
934 1858 1016 1901 iste
1051 1856 1157 1901 liber
1189 1859 1327 1916 prima
1354 1857 1704 1916 propheticarum

217 1944 467 1989 scholarum
516 1945 710 2000 soboles,
757 1961 865 2005 quae
910 1945 1148 2006 majoribus
1193 1946 1414 2005 prophetis
1453 1946 1701 1991 alimentum

216 2034 410 2094 spiritale
436 2034 726 2080 ministrabat.

335 2123 484 2182 ltaque
521 2124 634 2183 quod
667 2126 709 2168 in
745 2123 826 2168 1106
863 2124 1073 2183 opusculo
1104 2125 1267 2168 tentavi
1298 2124 1434 2169 simile
1463 2132 1550 2178 est,
1588 2139 1639 2169 ae
1667 2126 1704 2168 si

216 2214 312 2272 quis
343 2227 397 2256 ex
423 2227 547 2257 muro
571 2215 757 2257 vetustis
784 2212 999 2272 lapidibus
1029 2221 1070 2256 et
1092 2215 1342 2257 recentioris
1364 2215 1459 2257 aevi
1478 2213 1700 2266 lateribus,

217 2302 482 2346 emblematis
514 2302 782 2347 vermiculati
811 2304 962 2355 instar,
1001 2303 1252 2360 composito,
1280 2301 1443 2360 lapides
1470 2303 1595 2355 istos,
1632 2304 1703 2361 qui

215 2391 316 2435 olim
352 2390 470 2435 aedis
499 2406 651 2436 sacrae
677 2390 942 2436 vestibulum
971 2389 1271 2444 conficiebant,
1310 2392 1371 2434 ita
1398 2390 1617 2444 evelleret,
1655 2399 1703 2434 ut

213 2482 442 2539 pristinam
480 2480 795 2525 architecturae
832 2480 1016 2524 sormam
1051 2487 1292 2524 renovaret.
1350 2478 1429 2528 Qui
1455 2481 1516 2523 ita
1542 2478 1700 2532 fecerit,

214 2570 252 2613 is
279 2584 364 2614 non
391 2572 559 2614 ruituro
587 2570 777 2615 aedificio
804 2572 975 2614 ruinam
1000 2568 1268 2629 properabit,
1298 2568 1373 2613 sed
1398 2570 1542 2628 potius

515 2664 652 2705 [Νι-1111,
676 2663 861 2707 aedificat,
886 2670 1000 2699 mutat
1026 2662 1202 2711 quadrata
1223 2661 1398 2699 rotundis.

331 2745 385 2790 Et
417 2761 494 2806 per
527 2748 630 2791 mihi
663 2750 820 2792 mirum
845 2747 1027 2800 videtur,
1064 2747 1359 2801 Welckerum,
1395 2745 1701 2801 Hermannum,

214 2834 336 2889 alios,
366 2837 568 2880 eximiam
594 2837 866 2896 Fragmentis
888 2836 1145 2895 Aeschylcis
1174 2851 1348 2896 operam
1373 2850 1575 2890 navasse,
1601 2835 1702 2879 Mei-

214 2924 383 2967 nekium
407 2924 717 2969 Comoedorum
746 2925 962 2984 relliquias
986 2933 1193 2984 quattuor
1218 2927 1347 2970 tomis
1371 2924 1591 2970 ordinatas
1620 2922 1701 2968 edi-
