1867 3301
854 246 894 249 ἡ
933 177 1034 225 216

240 316 667 376 (»man-m0untain«).
720 319 783 360 Ex
815 318 886 358 hac
919 317 1254 374 argumentatione
1286 314 1492 364 concludo,
1526 313 1727 371 vulgatum

239 408 486 460 interpretem
533 404 713 458 proxime
761 401 810 441 ad
853 415 989 441 verum
1035 413 1192 440 sensum
1240 400 1465 446 accessisse,
1515 405 1554 437 et
1594 411 1729 438 vocem

240 482 424 546 ΠἼΞξἽΠ
455 486 671 543 significare
704 487 879 541 ingentes
907 485 1007 523 vires
1042 497 1127 523 cum
1159 484 1306 538 ingenti
1338 480 1606 537 magnitudine
1637 494 1731 521 con-

241 572 420 612 sociatas.

657 712 704 749 IN
736 711 920 749 TERTIA
926 711 960 748 M
989 709 1316 748 PARTICULAM.

362 819 443 860 Vix
477 833 617 876 operae
648 820 817 874 pretium
841 825 900 858 est
921 831 987 857 eos
1010 815 1199 865 refutare,
1235 817 1302 871 qui
1325 829 1445 871 quum
1468 813 1587 864 ἅπαξ
1610 813 1732 866 λεγό-

240 918 372 958 μενον
410 907 534 963 Dm&
569 909 719 943 vertant
751 901 911 941 clausus
947 914 978 940 s.
1013 899 1223 940 obturatus
1255 898 1392 951 oculis,
1433 897 1648 938 Bileamum
1679 899 1733 938 ita

241 989 374 1029 vocari
408 965 651 1034 existimant,
687 986 778 1039 quia
810 985 849 1023 in
881 984 1017 1023 itinere
1043 981 1222 1037 angelum
1245 988 1331 1021 ante
1354 982 1502 1021 asinam
1523 995 1604 1022 non
1627 980 1733 1022 vide-

241 1074 293 1113 rit
316 1068 447 1123 (Num.
467 1068 590 1117 XXII,
617 1066 684 1116 23,
706 1063 791 1119 31).
840 1065 938 1106 Nam
973 1073 1119 1105 certum
1148 1072 1206 1104 est
1236 1058 1360 1131 Dm?
1384 1062 1589 1105 Chaldaeis
1613 1065 1733 1120 signi-

242 1155 356 1195 ficare
380 1152 618 1208 perforare,
644 1150 818 1206 aperire,
841 1148 1036 1201 revelare,
1060 1150 1113 1189 ita
1136 1156 1180 1188 ut
1202 1147 1278 1193 hoc
1299 1149 1548 1204 participium
1570 1161 1734 1203 respon-

244 1236 333 1278 deat
355 1252 391 1276 v.
415 1234 443 1276 4
475 1218 582 1293 5³¹7}
630 1233 749 1274 Iidem
771 1232 947 1273 similiter
969 1239 1166 1280 errarunt,
1202 1245 1323 1286 quum
1345 1214 1433 1276 ¹723
1456 1246 1493 1271 v.
1511 1229 1540 1272 4
1561 1229 1735 1272 referunt

244 1319 293 1360 ad
333 1318 373 1359 id
409 1317 519 1374 quod
550 1298 589 1359 in
621 1318 757 1357 itinere
788 1315 961 1356 Bileamo
997 1315 1205 1371 contigerit
1236 1311 1383 1366 (XXII,
1409 1310 1494 1365 31).
1558 1311 1611 1354 Ut
1641 1313 1735 1354 mihi

245 1402 401 1460 quidem
433 1401 589 1441 videtur
626 1402 701 1440 ista
739 1399 905 1440 historia
945 1397 1120 1439 nondum
1163 1399 1314 1438 exstitit
1353 1411 1475 1453 quum
1512 1395 1606 1437 haec
1636 1397 1735 1437 vati-

246 1487 387 1527 cinatio
421 1485 642 1540 conscripta
673 1491 743 1524 est.
794 1481 975 1524 Ceterum
999 1480 1097 1522 bene
1119 1480 1392 1521 animadvertit
1412 1479 1734 1521 Rosenmiillerus

246 1567 313 1623 (ad
336 1567 453 1609 Num.
476 1567 582 1616 XVI,
606 1564 650 1619 4)
683 1581 749 1607 eos
783 1568 850 1622 qui
883 1564 1015 1605 divina
1040 1564 1196 1604 oracula
1222 1562 1514 1619 exspectabant,
1548 1571 1735 1620 tanquam

246 1660 357 1694 extra
397 1665 437 1692 se
476 1658 633 1706 laptos,
674 1663 824 1705 pronos
865 1650 905 1688 in
945 1647 1077 1688 faciem
1111 1661 1150 1687 se
1181 1648 1444 1702 prostravisse
1479 1644 1542 1699 (cf.
1581 1645 1733 1688 ISam.

244 1734 351 1784 xix
376 1733 444 1775 25.
477 1730 740 1781 Ezek.1‚22.
774 1731 832 1780 111,
858 1730 912 1772 23
945 1728 1068 1783 alibi)
1116 1729 1269 1771 Nomen
1290 1712 1458 1798 τεὴ-της
1481 1729 1541 1771 vei
1565 1713 1734 1798 nrm-3

246 1818 408 1860 denotat
438 1814 694 1871 ayalloclzum
715 1814 776 1855 vel
797 1814 1000 1871 xylaloen,
1034 1814 1190 1869 liqmcm
1212 1813 1321 1854 aloes
1350 1783 1415 1854 vel
1432 1814 1587 1869 liynum
1599 1828 1735 1869 para-

247 1902 345 1953 disi,
395 1899 574 1941 alborem
612 1913 790 1954 magnam
832 1905 869 1938 et
908 1896 1154 1946 umbrosam,
1198 1897 1309 1952 cujus
1351 1897 1456 1953 ligna
1494 1895 1606 1937 valde
1645 1903 1737 1936 sunt

248 1984 425 2026 odorata.
492 1982 622 2036 Quum
654 1981 736 2030 hic,
778 1989 823 2021 ut
854 1982 894 2021 in
923 1980 1078 2021 Psalmo
1107 1979 1206 2029 CIV,
1235 1977 1309 2028 16,
1350 1979 1514 2035 legimus
1545 1978 1736 2020 Jehovam

245 2070 375 2125 ipsum
416 2064 574 2107 arbores
614 2065 829 2120 plantasse,
871 2064 1122 2120 intelligimus
1160 2063 1304 2104 laetum
1340 2077 1383 2103 ac
1418 2063 1736 2118 procerissimum

246 2153 435 2207 vigorem.
490 2148 765 2204 Metaphoram
805 2149 846 2187 in
882 2162 920 2187 V.
948 2146 971 2187 7
1016 2149 1070 2188 sic
1102 2146 1271 2202 explicat
1302 2145 1490 2187 Gesenius
1523 2141 1734 2198 (Thesaur.

248 2248 279 2274 s.
303 2248 339 2272 v.
364 2216 494 2297 ἾιἿἾῂ
528 2237 697 2272 »manat
727 2245 838 2287 aqua
861 2245 910 2271 ex
931 2230 1061 2271 situlis
1083 2231 1168 2284 ejus
1198 2231 1223 2269 i.
1248 2245 1279 2269 e.
1303 2229 1411 2285 larga
1433 2230 1505 2269 crit
1525 2229 1735 2284 posteritas

248 2317 352 2371 ejus,
393 2313 623 2369 metaphora
663 2312 710 2354 ab
752 2327 853 2369 aqua
894 2313 939 2352 de
982 2312 1099 2353 situla
1135 2311 1351 2353 destillante
1384 2310 1434 2352 ad
1465 2325 1593 2352 semen
1626 2310 1736 2352 virile

247 2398 456 2445 translata,
499 2411 547 2437 ex
578 2405 716 2437 nostro
751 2410 869 2436 sensu
902 2394 1116 2444 obscoena,
1159 2395 1228 2435 sed
1262 2393 1525 2435 Orientalibus
1558 2392 1736 2434 familiari

249 2480 344 2535 (Jes.
364 2480 535 2529 XLVIII,
558 2478 631 2532 1).«
678 2480 721 2520 In
753 2479 873 2521 altero
899 2477 1143 2518 hemistichio
1167 2477 1269 2517 idem
1291 2491 1428 2517 sensus
1451 2475 1580 2518 verbis
1602 2476 1734 2532 paullo

249 2567 462 2606 immutatis
486 2565 711 2620 exponitur.
757 2561 950 2604 Observat
973 2560 1160 2602 Gesenius
1187 2542 1291 2627 ἾᾏῙἾᾙ
1317 2558 1442 2600 dualis
1465 2560 1615 2600 numeri
1638 2573 1733 2608 esse,

250 2650 411 2689 haustra
450 2650 549 2688 enim
588 2646 680 2687 bina
720 2660 803 2687 esse
835 2645 971 2687 solere.
1034 2643 1183 2685 Mentio
1215 2622 1344 2699 Agagi
1375 2644 1477 2699 regis
1510 2642 1736 2698 Amalequi-

250 2741 377 2773 tarum
418 2738 566 2787 spectat
605 2728 868 2785 proculdubio
908 2727 958 2768 ad
989 2726 1098 2769 Sauli
1130 2727 1332 2767 victoriam
1365 2723 1404 2778 (1
1431 2724 1536 2767 Sam.
1561 2724 1651 2775 XV,
1677 2720 1733 2778 8),

252 2816 363 2872 cujus
395 2815 582 2855 memoria
611 2820 797 2869 regnante
820 2811 1033 2853 Solomone
1056 2811 1149 2851 satis
1171 2824 1304 2851 recens
1327 2822 1410 2850 esse
1432 2806 1608 2849 debebat.
1656 2805 1736 2848 Nec

253 2912 354 2954 opus
394 2905 470 2947 est,
512 2904 556 2937 ut
593 2911 679 2937 cum
710 2895 869 2937 Bleekio
903 2894 952 2936 ad
984 2893 1093 2935 Sauli
1125 2895 1250 2950 ipsius
1281 2900 1460 2949 tempora
1490 2904 1734 2934 recurramus
