<?xml version="1.0" encoding="UTF-8"?>
<!DOCTYPE html PUBLIC "-//W3C//DTD XHTML 1.0 Transitional//EN"
    "http://www.w3.org/TR/xhtml1/DTD/xhtml1-transitional.dtd">
<html xmlns="http://www.w3.org/1999/xhtml" xml:lang="en" lang="en">
 <head>
  <title>
</title>
<meta http-equiv="Content-Type" content="text/html;charset=utf-8" />
  <meta name='ocr-system' content='tesseract 3.04.00' />
  <meta name='ocr-capabilities' content='ocr_page ocr_carea ocr_par ocr_line ocrx_word'/>
</head>
<body>
  <div class='ocr_page' id='page_1' title='image "./jasharfragmentaa00dona_0202.png"; bbox 0 0 1867 3301; ppageno 0'>
   <div class='ocr_carea' id='block_1_1' title="bbox 940 200 1037 246">
    <p class='ocr_par' dir='ltr' id='par_1_1' title="bbox 940 200 1037 246">
     <span class='ocr_line' id='line_1_1' title="bbox 940 200 1037 246; baseline -0.021 0"><span class='ocrx_word' id='word_1_1' title='bbox 940 200 1037 246; x_wconf 73' lang='lat'>128</span> 
     </span>
    </p>
   </div>
   <div class='ocr_carea' id='block_1_2' title="bbox 243 338 1736 2982">
    <p class='ocr_par' dir='ltr' id='par_1_2' title="bbox 243 338 1736 2982">
     <span class='ocr_line' id='line_1_2' title="bbox 243 338 1729 397; baseline -0.001 -15"><span class='ocrx_word' id='word_1_2' title='bbox 243 342 297 383; x_wconf 89' lang='lat' dir='ltr'>rei</span> <span class='ocrx_word' id='word_1_3' title='bbox 331 342 454 397; x_wconf 89' lang='lat' dir='ltr'>ipsius</span> <span class='ocrx_word' id='word_1_4' title='bbox 488 339 795 382; x_wconf 87' lang='lat' dir='ltr'>conditionibus.</span> <span class='ocrx_word' id='word_1_5' title='bbox 846 340 925 381; x_wconf 78' lang='lat' dir='ltr'>Sed</span> <span class='ocrx_word' id='word_1_6' title='bbox 956 348 1039 381; x_wconf 88' lang='lat' dir='ltr'>tota</span> <span class='ocrx_word' id='word_1_7' title='bbox 1074 354 1187 381; x_wconf 88' lang='lat' dir='ltr'>eausa</span> <span class='ocrx_word' id='word_1_8' title='bbox 1219 347 1443 396; x_wconf 83' lang='lat' dir='ltr'>perspecta,</span> <span class='ocrx_word' id='word_1_9' title='bbox 1478 338 1589 380; x_wconf 89' lang='lat' dir='ltr'>aliam</span> <span class='ocrx_word' id='word_1_10' title='bbox 1615 340 1729 388; x_wconf 89' lang='lat' dir='ltr'>viam,</span> 
     </span>
     <span class='ocr_line' id='line_1_3' title="bbox 245 421 1730 480; baseline -0.001 -15"><span class='ocrx_word' id='word_1_11' title='bbox 245 424 498 465; x_wconf 84' lang='lat' dir='ltr'>difficiliorem</span> <span class='ocrx_word' id='word_1_12' title='bbox 534 424 636 465; x_wconf 88' lang='lat' dir='ltr'>illam</span> <span class='ocrx_word' id='word_1_13' title='bbox 671 424 825 480; x_wconf 87' lang='lat' dir='ltr'>quidem</span> <span class='ocrx_word' id='word_1_14' title='bbox 861 439 903 464; x_wconf 92' lang='lat' dir='ltr'>ac</span> <span class='ocrx_word' id='word_1_15' title='bbox 935 423 1171 480; x_wconf 72' lang='lat' dir='ltr'><strong>longiorem,</strong></span> <span class='ocrx_word' id='word_1_16' title='bbox 1212 425 1309 464; x_wconf 86' lang='lat' dir='ltr'>inire</span> <span class='ocrx_word' id='word_1_17' title='bbox 1343 422 1507 463; x_wconf 86' lang='lat' dir='ltr'>decrevi.</span> <span class='ocrx_word' id='word_1_18' title='bbox 1569 421 1666 463; x_wconf 90' lang='lat' dir='ltr'>Nam</span> <span class='ocrx_word' id='word_1_19' title='bbox 1700 424 1730 463; x_wconf 84' lang='lat' dir='ltr'>si</span> 
     </span>
     <span class='ocr_line' id='line_1_4' title="bbox 244 486 1731 564; baseline -0.002 -15"><span class='ocrx_word' id='word_1_20' title='bbox 244 508 418 549; x_wconf 78' lang='lat' dir='ltr'>collectio</span> <span class='ocrx_word' id='word_1_21' title='bbox 460 509 553 549; x_wconf 85' lang='lat' dir='ltr'>haee</span> <span class='ocrx_word' id='word_1_22' title='bbox 585 507 801 549; x_wconf 87' lang='lat' dir='ltr'>Jasharana</span> <span class='ocrx_word' id='word_1_23' title='bbox 835 507 1048 548; x_wconf 84' lang='lat' dir='ltr'>Solomone</span> <span class='ocrx_word' id='word_1_24' title='bbox 1089 516 1273 564; x_wconf 85' lang='lat' dir='ltr'>regnante</span> <span class='ocrx_word' id='word_1_25' title='bbox 1312 505 1479 547; x_wconf 87' lang='lat' dir='ltr'>conflata</span> <span class='ocrx_word' id='word_1_26' title='bbox 1512 514 1587 555; x_wconf 88' lang='lat' dir='ltr'>est,</span> <span class='ocrx_word' id='word_1_27' title='bbox 1630 486 1731 562; x_wconf 87' lang='lat' dir='ltr'>opus</span> 
     </span>
     <span class='ocr_line' id='line_1_5' title="bbox 245 572 1731 658; baseline -0.001 -26"><span class='ocrx_word' id='word_1_28' title='bbox 245 600 303 632; x_wconf 86' lang='lat' dir='ltr'>est</span> <span class='ocrx_word' id='word_1_29' title='bbox 335 606 541 647; x_wconf 79' lang='lat' dir='ltr'>quaerere,</span> <span class='ocrx_word' id='word_1_30' title='bbox 577 593 643 648; x_wconf 87' lang='lat' dir='ltr'>qui</span> <span class='ocrx_word' id='word_1_31' title='bbox 676 591 852 632; x_wconf 90' lang='lat' dir='ltr'>homines</span> <span class='ocrx_word' id='word_1_32' title='bbox 886 599 979 632; x_wconf 90' lang='lat' dir='ltr'>tunc</span> <span class='ocrx_word' id='word_1_33' title='bbox 1010 593 1198 647; x_wconf 86' lang='lat' dir='ltr'>temporis</span> <span class='ocrx_word' id='word_1_34' title='bbox 1231 572 1471 658; x_wconf 53' lang='grc' dir='ltr'><strong>ΠζἾΠ-ῙἋ]</strong></span> <span class='ocrx_word' id='word_1_35' title='bbox 1500 604 1623 645; x_wconf 74' lang='lat' dir='ltr'>super</span> <span class='ocrx_word' id='word_1_36' title='bbox 1641 589 1731 645; x_wconf 70' lang='lat' dir='ltr'>yla-</span> 
     </span>
     <span class='ocr_line' id='line_1_6' title="bbox 246 672 1732 732; baseline -0.002 -16"><span class='ocrx_word' id='word_1_37' title='bbox 246 676 358 717; x_wconf 75' lang='lat' dir='ltr'>dium</span> <span class='ocrx_word' id='word_1_38' title='bbox 380 677 563 732; x_wconf 68' lang='lat' dir='ltr'>ipsorum</span> <span class='ocrx_word' id='word_1_39' title='bbox 595 674 799 716; x_wconf 77' lang='lat' dir='ltr'>viverent?</span> <span class='ocrx_word' id='word_1_40' title='bbox 833 677 989 731; x_wconf 82' lang='lat' dir='ltr'>quinam</span> <span class='ocrx_word' id='word_1_41' title='bbox 1022 674 1289 715; x_wconf 67' lang='lat' dir='ltr'>viri-hastati</span> <span class='ocrx_word' id='word_1_42' title='bbox 1317 675 1524 730; x_wconf 87' lang='lat' dir='ltr'>progenies</span> <span class='ocrx_word' id='word_1_43' title='bbox 1547 672 1732 729; x_wconf 87' lang='lat' dir='ltr'>appellari</span> 
     </span>
     <span class='ocr_line' id='line_1_7' title="bbox 244 757 1731 816; baseline -0.003 -15"><span class='ocrx_word' id='word_1_44' title='bbox 244 759 436 816; x_wconf 76' lang='lat' dir='ltr'>possent?</span> <span class='ocrx_word' id='word_1_45' title='bbox 467 759 518 800; x_wconf 83' lang='lat' dir='ltr'>Et</span> <span class='ocrx_word' id='word_1_46' title='bbox 549 758 599 800; x_wconf 86' lang='lat' dir='ltr'>ad</span> <span class='ocrx_word' id='word_1_47' title='bbox 631 767 848 800; x_wconf 85' lang='lat' dir='ltr'>armaturae</span> <span class='ocrx_word' id='word_1_48' title='bbox 873 774 996 815; x_wconf 85' lang='lat' dir='ltr'>genus</span> <span class='ocrx_word' id='word_1_49' title='bbox 1020 757 1128 815; x_wconf 86' lang='lat' dir='ltr'>quod</span> <span class='ocrx_word' id='word_1_50' title='bbox 1152 760 1306 809; x_wconf 77' lang='lat' dir='ltr'>attinet,</span> <span class='ocrx_word' id='word_1_51' title='bbox 1340 757 1600 798; x_wconf 81' lang='lat' dir='ltr'>Israelitarum</span> <span class='ocrx_word' id='word_1_52' title='bbox 1621 771 1731 813; x_wconf 86' lang='lat' dir='ltr'>reges</span> 
     </span>
     <span class='ocr_line' id='line_1_8' title="bbox 245 840 1731 899; baseline -0.003 -15"><span class='ocrx_word' id='word_1_53' title='bbox 245 852 283 884; x_wconf 88' lang='lat' dir='ltr'>et</span> <span class='ocrx_word' id='word_1_54' title='bbox 312 842 520 884; x_wconf 75' lang='lat' dir='ltr'>bellatores</span> <span class='ocrx_word' id='word_1_55' title='bbox 553 858 631 884; x_wconf 88' lang='lat' dir='ltr'>non</span> <span class='ocrx_word' id='word_1_56' title='bbox 666 842 796 899; x_wconf 86' lang='lat' dir='ltr'>gladio</span> <span class='ocrx_word' id='word_1_57' title='bbox 831 851 898 883; x_wconf 88' lang='lat' dir='ltr'>aut</span> <span class='ocrx_word' id='word_1_58' title='bbox 929 843 1060 892; x_wconf 83' lang='lat' dir='ltr'>hasta,</span> <span class='ocrx_word' id='word_1_59' title='bbox 1096 841 1163 883; x_wconf 87' lang='lat' dir='ltr'>sed</span> <span class='ocrx_word' id='word_1_60' title='bbox 1196 840 1374 882; x_wconf 83' lang='lat' dir='ltr'>curribus</span> <span class='ocrx_word' id='word_1_61' title='bbox 1398 842 1495 882; x_wconf 86' lang='lat' dir='ltr'>vecti</span> <span class='ocrx_word' id='word_1_62' title='bbox 1522 847 1558 881; x_wconf 90' lang='lat' dir='ltr'>et</span> <span class='ocrx_word' id='word_1_63' title='bbox 1580 841 1731 897; x_wconf 78' lang='lat' dir='ltr'>sagittis</span> 
     </span>
     <span class='ocr_line' id='line_1_9' title="bbox 246 923 1732 983; baseline -0.003 -15"><span class='ocrx_word' id='word_1_64' title='bbox 246 928 382 968; x_wconf 89' lang='lat' dir='ltr'>armati</span> <span class='ocrx_word' id='word_1_65' title='bbox 414 926 558 969; x_wconf 88' lang='lat' dir='ltr'>bellum</span> <span class='ocrx_word' id='word_1_66' title='bbox 590 925 867 983; x_wconf 81' lang='lat' dir='ltr'>profligabant.</span> <span class='ocrx_word' id='word_1_67' title='bbox 924 925 965 967; x_wconf 82' lang='lat' dir='ltr'>Si</span> <span class='ocrx_word' id='word_1_68' title='bbox 1001 925 1190 981; x_wconf 86' lang='lat' dir='ltr'>quosdam</span> <span class='ocrx_word' id='word_1_69' title='bbox 1227 925 1444 980; x_wconf 75' lang='lat' dir='ltr'>exceperis,</span> <span class='ocrx_word' id='word_1_70' title='bbox 1480 931 1525 964; x_wconf 86' lang='lat' dir='ltr'>ut</span> <span class='ocrx_word' id='word_1_71' title='bbox 1557 923 1732 973; x_wconf 87' lang='lat' dir='ltr'>Saulum,</span> 
     </span>
     <span class='ocr_line' id='line_1_10' title="bbox 245 1006 1732 1067; baseline -0.003 -16"><span class='ocrx_word' id='word_1_72' title='bbox 245 1011 298 1051; x_wconf 91' lang='lat' dir='ltr'>illi</span> <span class='ocrx_word' id='word_1_73' title='bbox 330 1010 508 1066; x_wconf 82' lang='lat' dir='ltr'>profecto</span> <span class='ocrx_word' id='word_1_74' title='bbox 535 1012 755 1067; x_wconf 84' lang='lat' dir='ltr'>graviorem</span> <span class='ocrx_word' id='word_1_75' title='bbox 780 1018 1013 1050; x_wconf 87' lang='lat' dir='ltr'>armaturam</span> <span class='ocrx_word' id='word_1_76' title='bbox 1037 1024 1057 1048; x_wconf 87' lang='lat' dir='ltr'>a</span> <span class='ocrx_word' id='word_1_77' title='bbox 1079 1008 1301 1049; x_wconf 84' lang='lat' dir='ltr'>Philistaeis</span> <span class='ocrx_word' id='word_1_78' title='bbox 1325 1006 1618 1057; x_wconf 80' lang='lat' dir='ltr'>mutuabantur,</span> <span class='ocrx_word' id='word_1_79' title='bbox 1653 1008 1732 1063; x_wconf 89' lang='lat' dir='ltr'>qni,</span> 
     </span>
     <span class='ocr_line' id='line_1_11' title="bbox 244 1085 1736 1150; baseline -0.003 -15"><span class='ocrx_word' id='word_1_80' title='bbox 244 1085 290 1135; x_wconf 86' lang='lat' dir='ltr'>ut</span> <span class='ocrx_word' id='word_1_81' title='bbox 322 1097 414 1135; x_wconf 86' lang='lat' dir='ltr'>satis</span> <span class='ocrx_word' id='word_1_82' title='bbox 448 1102 620 1144; x_wconf 87' lang='lat' dir='ltr'>constat,</span> <span class='ocrx_word' id='word_1_83' title='bbox 661 1102 825 1150; x_wconf 85' lang='lat' dir='ltr'>propter</span> <span class='ocrx_word' id='word_1_84' title='bbox 858 1092 1011 1134; x_wconf 84' lang='lat' dir='ltr'>crebras</span> <span class='ocrx_word' id='word_1_85' title='bbox 1046 1090 1289 1133; x_wconf 74' lang='lat' dir='ltr'>Cretensium</span> <span class='ocrx_word' id='word_1_86' title='bbox 1324 1099 1361 1131; x_wconf 89' lang='lat' dir='ltr'>et</span> <span class='ocrx_word' id='word_1_87' title='bbox 1393 1089 1632 1147; x_wconf 72' lang='lat' dir='ltr'>Cypriorum</span> <span class='ocrx_word' id='word_1_88' title='bbox 1665 1092 1736 1131; x_wconf 85' lang='lat' dir='ltr'>im—</span> 
     </span>
     <span class='ocr_line' id='line_1_12' title="bbox 245 1173 1735 1234; baseline -0.003 -16"><span class='ocrx_word' id='word_1_89' title='bbox 245 1179 496 1234; x_wconf 86' lang='lat' dir='ltr'>migrationes</span> <span class='ocrx_word' id='word_1_90' title='bbox 532 1176 715 1219; x_wconf 80' lang='lat' dir='ltr'>Graecam</span> <span class='ocrx_word' id='word_1_91' title='bbox 755 1175 1003 1219; x_wconf 78' lang='grc' dir='ltr'><em>πανοπλίαν</em></span> <span class='ocrx_word' id='word_1_92' title='bbox 1042 1184 1193 1233; x_wconf 86' lang='lat' dir='ltr'>gestare</span> <span class='ocrx_word' id='word_1_93' title='bbox 1227 1174 1451 1216; x_wconf 84' lang='lat' dir='ltr'>didicerant.</span> <span class='ocrx_word' id='word_1_94' title='bbox 1514 1175 1570 1215; x_wconf 89' lang='lat' dir='ltr'>Ita</span> <span class='ocrx_word' id='word_1_95' title='bbox 1603 1173 1735 1215; x_wconf 87' lang='lat' dir='ltr'>Golia-</span> 
     </span>
     <span class='ocr_line' id='line_1_13' title="bbox 245 1258 1734 1317; baseline -0.003 -14"><span class='ocrx_word' id='word_1_96' title='bbox 245 1261 338 1302; x_wconf 91' lang='lat' dir='ltr'>thus</span> <span class='ocrx_word' id='word_1_97' title='bbox 372 1270 409 1303; x_wconf 89' lang='lat' dir='ltr'>et</span> <span class='ocrx_word' id='word_1_98' title='bbox 431 1260 574 1303; x_wconf 86' lang='lat' dir='ltr'>Saulus</span> <span class='ocrx_word' id='word_1_99' title='bbox 609 1261 788 1317; x_wconf 85' lang='lat' dir='ltr'>elypeum</span> <span class='ocrx_word' id='word_1_100' title='bbox 820 1260 967 1301; x_wconf 86' lang='lat' dir='ltr'>habent</span> <span class='ocrx_word' id='word_1_101' title='bbox 998 1269 1036 1301; x_wconf 86' lang='lat' dir='ltr'>et</span> <span class='ocrx_word' id='word_1_102' title='bbox 1067 1261 1320 1316; x_wconf 72' lang='lat' dir='ltr'>armigerum,</span> <span class='ocrx_word' id='word_1_103' title='bbox 1352 1261 1405 1300; x_wconf 83' lang='lat' dir='ltr'>ita</span> <span class='ocrx_word' id='word_1_104' title='bbox 1430 1258 1528 1299; x_wconf 88' lang='lat' dir='ltr'>alius</span> <span class='ocrx_word' id='word_1_105' title='bbox 1550 1272 1734 1314; x_wconf 82' lang='lat' dir='ltr'>procerae</span> 
     </span>
     <span class='ocr_line' id='line_1_14' title="bbox 247 1341 1734 1401; baseline -0.004 -14"><span class='ocrx_word' id='word_1_106' title='bbox 247 1354 418 1387; x_wconf 87' lang='lat' dir='ltr'>staturae</span> <span class='ocrx_word' id='word_1_107' title='bbox 450 1344 702 1395; x_wconf 63' lang='lat' dir='ltr'>Philistum,</span> <span class='ocrx_word' id='word_1_108' title='bbox 745 1359 830 1386; x_wconf 90' lang='lat' dir='ltr'>cum</span> <span class='ocrx_word' id='word_1_109' title='bbox 870 1346 1018 1401; x_wconf 75' lang='lat' dir='ltr'>ingenti</span> <span class='ocrx_word' id='word_1_110' title='bbox 1058 1343 1171 1384; x_wconf 87' lang='lat' dir='ltr'>hasta</span> <span class='ocrx_word' id='word_1_111' title='bbox 1213 1351 1249 1384; x_wconf 87' lang='lat' dir='ltr'>et</span> <span class='ocrx_word' id='word_1_112' title='bbox 1284 1357 1389 1384; x_wconf 87' lang='lat' dir='ltr'>novo</span> <span class='ocrx_word' id='word_1_113' title='bbox 1422 1341 1552 1399; x_wconf 88' lang='lat' dir='ltr'>gladio</span> <span class='ocrx_word' id='word_1_114' title='bbox 1587 1342 1734 1382; x_wconf 87' lang='lat' dir='ltr'>cinctus</span> 
     </span>
     <span class='ocr_line' id='line_1_15' title="bbox 246 1422 1733 1485; baseline -0.003 -15"><span class='ocrx_word' id='word_1_115' title='bbox 246 1431 284 1470; x_wconf 92' lang='lat' dir='ltr'>in</span> <span class='ocrx_word' id='word_1_116' title='bbox 332 1429 482 1485; x_wconf 86' lang='lat' dir='ltr'>proelio</span> <span class='ocrx_word' id='word_1_117' title='bbox 526 1427 701 1470; x_wconf 90' lang='lat' dir='ltr'>Nobensi</span> <span class='ocrx_word' id='word_1_118' title='bbox 749 1428 948 1469; x_wconf 85' lang='lat' dir='ltr'>inducitur</span> <span class='ocrx_word' id='word_1_119' title='bbox 997 1424 1047 1480; x_wconf 77' lang='lat'>(2</span> <span class='ocrx_word' id='word_1_120' title='bbox 1079 1426 1183 1469; x_wconf 85' lang='lat' dir='ltr'>Sam.</span> <span class='ocrx_word' id='word_1_121' title='bbox 1214 1425 1329 1475; x_wconf 90' lang='lat' dir='ltr'>XXI,</span> <span class='ocrx_word' id='word_1_122' title='bbox 1365 1422 1458 1478; x_wconf 84' lang='lat'>16).</span> <span class='ocrx_word' id='word_1_123' title='bbox 1524 1423 1733 1481; x_wconf 87' lang='lat' dir='ltr'>Ceteroqui</span> 
     </span>
     <span class='ocr_line' id='line_1_16' title="bbox 245 1506 1736 1568; baseline -0.004 -14"><span class='ocrx_word' id='word_1_124' title='bbox 245 1513 439 1554; x_wconf 87' lang='lat' dir='ltr'>Israelitae</span> <span class='ocrx_word' id='word_1_125' title='bbox 473 1511 662 1554; x_wconf 83' lang='lat' dir='ltr'>adversus</span> <span class='ocrx_word' id='word_1_126' title='bbox 689 1511 923 1553; x_wconf 85' lang='lat' dir='ltr'>Philistaeos</span> <span class='ocrx_word' id='word_1_127' title='bbox 957 1519 1176 1568; x_wconf 81' lang='lat' dir='ltr'>pugnantes</span> <span class='ocrx_word' id='word_1_128' title='bbox 1210 1509 1414 1561; x_wconf 77' lang='grc' dir='ltr'><em>ἐπάγουσι</em></span> <span class='ocrx_word' id='word_1_129' title='bbox 1447 1506 1736 1564; x_wconf 81' lang='grc' dir='ltr'><strong><em>δουρικλύτοις</em></strong></span> 
     </span>
     <span class='ocr_line' id='line_1_17' title="bbox 246 1591 1735 1652; baseline -0.003 -15"><span class='ocrx_word' id='word_1_130' title='bbox 246 1595 430 1652; x_wconf 76' lang='grc' dir='ltr'><em>ἄνδρασι</em></span> <span class='ocrx_word' id='word_1_131' title='bbox 451 1593 724 1649; x_wconf 77' lang='grc' dir='ltr'><em>τοξόδαμνον</em></span> <span class='ocrx_word' id='word_1_132' title='bbox 740 1594 876 1651; x_wconf 81' lang='grc' dir='ltr'><em>’Ἀρην</em></span> <span class='ocrx_word' id='word_1_133' title='bbox 898 1592 1057 1648; x_wconf 89' lang='lat' dir='ltr'>(Aesch.</span> <span class='ocrx_word' id='word_1_134' title='bbox 1080 1594 1188 1635; x_wconf 90' lang='lat' dir='ltr'>Pers.</span> <span class='ocrx_word' id='word_1_135' title='bbox 1213 1591 1299 1646; x_wconf 81' lang='lat'>85).</span> <span class='ocrx_word' id='word_1_136' title='bbox 1343 1592 1472 1647; x_wconf 81' lang='lat' dir='ltr'>Quum</span> <span class='ocrx_word' id='word_1_137' title='bbox 1496 1600 1624 1633; x_wconf 88' lang='lat' dir='ltr'>autem</span> <span class='ocrx_word' id='word_1_138' title='bbox 1646 1606 1735 1648; x_wconf 85' lang='lat' dir='ltr'>gra-</span> 
     </span>
     <span class='ocr_line' id='line_1_18' title="bbox 246 1675 1732 1734; baseline -0.003 -13"><span class='ocrx_word' id='word_1_139' title='bbox 246 1681 305 1720; x_wconf 86' lang='lat' dir='ltr'>vis</span> <span class='ocrx_word' id='word_1_140' title='bbox 347 1688 564 1721; x_wconf 87' lang='lat' dir='ltr'>armaturae</span> <span class='ocrx_word' id='word_1_141' title='bbox 603 1679 742 1720; x_wconf 79' lang='lat' dir='ltr'>milites</span> <span class='ocrx_word' id='word_1_142' title='bbox 782 1680 1031 1734; x_wconf 85' lang='lat' dir='ltr'>conspicuam</span> <span class='ocrx_word' id='word_1_143' title='bbox 1064 1679 1339 1734; x_wconf 83' lang='lat' dir='ltr'>praestantiam</span> <span class='ocrx_word' id='word_1_144' title='bbox 1373 1676 1447 1717; x_wconf 85' lang='lat' dir='ltr'>sibi</span> <span class='ocrx_word' id='word_1_145' title='bbox 1479 1675 1732 1725; x_wconf 77' lang='lat' dir='ltr'>vindicarent,</span> 
     </span>
     <span class='ocr_line' id='line_1_19' title="bbox 246 1759 1733 1820; baseline -0.004 -15"><span class='ocrx_word' id='word_1_146' title='bbox 246 1763 435 1813; x_wconf 85' lang='lat' dir='ltr'>Davides,</span> <span class='ocrx_word' id='word_1_147' title='bbox 486 1765 552 1820; x_wconf 91' lang='lat' dir='ltr'>qui</span> <span class='ocrx_word' id='word_1_148' title='bbox 594 1764 676 1819; x_wconf 85' lang='lat' dir='ltr'>ipse</span> <span class='ocrx_word' id='word_1_149' title='bbox 719 1777 836 1819; x_wconf 87' lang='lat' dir='ltr'>super</span> <span class='ocrx_word' id='word_1_150' title='bbox 877 1760 1049 1818; x_wconf 78' lang='lat' dir='ltr'>gladium</span> <span class='ocrx_word' id='word_1_151' title='bbox 1090 1777 1225 1811; x_wconf 90' lang='lat' dir='ltr'>suum,</span> <span class='ocrx_word' id='word_1_152' title='bbox 1275 1774 1439 1816; x_wconf 87' lang='lat' dir='ltr'>eumque</span> <span class='ocrx_word' id='word_1_153' title='bbox 1479 1759 1733 1800; x_wconf 88' lang='lat' dir='ltr'>Philistaeum</span> 
     </span>
     <span class='ocr_line' id='line_1_20' title="bbox 249 1842 1734 1903; baseline -0.003 -15"><span class='ocrx_word' id='word_1_154' title='bbox 249 1846 421 1889; x_wconf 87' lang='lat' dir='ltr'>Goliathi</span> <span class='ocrx_word' id='word_1_155' title='bbox 453 1846 625 1903; x_wconf 81' lang='lat' dir='ltr'>gladium</span> <span class='ocrx_word' id='word_1_156' title='bbox 658 1842 695 1898; x_wconf 89' lang='lat'>(1</span> <span class='ocrx_word' id='word_1_157' title='bbox 720 1844 824 1887; x_wconf 86' lang='lat' dir='ltr'>Sam.</span> <span class='ocrx_word' id='word_1_158' title='bbox 845 1845 958 1895; x_wconf 91' lang='lat' dir='ltr'>XXI,</span> <span class='ocrx_word' id='word_1_159' title='bbox 985 1842 1041 1899; x_wconf 85' lang='lat'>9),</span> <span class='ocrx_word' id='word_1_160' title='bbox 1076 1847 1247 1894; x_wconf 78' lang='lat' dir='ltr'>vixerat,</span> <span class='ocrx_word' id='word_1_161' title='bbox 1283 1845 1349 1901; x_wconf 84' lang='lat' dir='ltr'>qui</span> <span class='ocrx_word' id='word_1_162' title='bbox 1373 1852 1499 1884; x_wconf 90' lang='lat' dir='ltr'>autem</span> <span class='ocrx_word' id='word_1_163' title='bbox 1523 1843 1734 1899; x_wconf 88' lang='lat' dir='ltr'>plurimum</span> 
     </span>
     <span class='ocr_line' id='line_1_21' title="bbox 246 1925 1733 1985; baseline -0.003 -14"><span class='ocrx_word' id='word_1_164' title='bbox 246 1929 439 1972; x_wconf 84' lang='lat' dir='ltr'>habuerat</span> <span class='ocrx_word' id='word_1_165' title='bbox 477 1944 563 1972; x_wconf 90' lang='lat' dir='ltr'>cum</span> <span class='ocrx_word' id='word_1_166' title='bbox 602 1929 824 1970; x_wconf 86' lang='lat' dir='ltr'>Philistaeis</span> <span class='ocrx_word' id='word_1_167' title='bbox 868 1931 1158 1979; x_wconf 82' lang='lat' dir='ltr'>commercium,</span> <span class='ocrx_word' id='word_1_168' title='bbox 1204 1936 1462 1985; x_wconf 85' lang='lat' dir='ltr'>posteaquam</span> <span class='ocrx_word' id='word_1_169' title='bbox 1500 1941 1571 1968; x_wconf 82' lang='lat' dir='ltr'>rex</span> <span class='ocrx_word' id='word_1_170' title='bbox 1609 1925 1733 1967; x_wconf 83' lang='lat' dir='ltr'>factus</span> 
     </span>
     <span class='ocr_line' id='line_1_22' title="bbox 247 2011 1733 2071; baseline -0.003 -16"><span class='ocrx_word' id='word_1_171' title='bbox 247 2023 323 2064; x_wconf 87' lang='lat' dir='ltr'>est,</span> <span class='ocrx_word' id='word_1_172' title='bbox 357 2015 585 2071; x_wconf 86' lang='lat' dir='ltr'>peregrinos</span> <span class='ocrx_word' id='word_1_173' title='bbox 620 2012 812 2069; x_wconf 87' lang='lat' dir='ltr'>quosdam</span> <span class='ocrx_word' id='word_1_174' title='bbox 845 2013 1027 2054; x_wconf 86' lang='lat' dir='ltr'>satellites</span> <span class='ocrx_word' id='word_1_175' title='bbox 1060 2011 1233 2054; x_wconf 86' lang='lat' dir='ltr'>mercede</span> <span class='ocrx_word' id='word_1_176' title='bbox 1267 2011 1476 2060; x_wconf 81' lang='lat' dir='ltr'>conduxit,</span> <span class='ocrx_word' id='word_1_177' title='bbox 1514 2012 1580 2066; x_wconf 90' lang='lat' dir='ltr'>qui</span> <span class='ocrx_word' id='word_1_178' title='bbox 1613 2023 1733 2067; x_wconf 89' lang='lat' dir='ltr'>quum</span> 
     </span>
     <span class='ocr_line' id='line_1_23' title="bbox 247 2080 1734 2166; baseline -0.006 -24"><span class='ocrx_word' id='word_1_179' title='bbox 247 2080 428 2166; x_wconf 50' lang='grc' dir='ltr'>ἾΠιὙ--ἨΓ-ἻἾς</span> <span class='ocrx_word' id='word_1_180' title='bbox 460 2100 622 2157; x_wconf 64' lang='grc' dir='ltr'><strong>ἾΠἾΞΠ</strong></span> <span class='ocrx_word' id='word_1_181' title='bbox 654 2099 678 2137; x_wconf 95' lang='lat' dir='ltr'>i.</span> <span class='ocrx_word' id='word_1_182' title='bbox 704 2112 735 2138; x_wconf 84' lang='lat' dir='ltr'>e.</span> <span class='ocrx_word' id='word_1_183' title='bbox 770 2096 974 2138; x_wconf 69' lang='lat' dir='ltr'>Coetemes</span> <span class='ocrx_word' id='word_1_184' title='bbox 1004 2103 1040 2137; x_wconf 73' lang='lat' dir='ltr'>et</span> <span class='ocrx_word' id='word_1_185' title='bbox 1059 2095 1273 2138; x_wconf 69' lang='lat' dir='ltr'>Plzzlistaei</span> <span class='ocrx_word' id='word_1_186' title='bbox 1303 2094 1547 2151; x_wconf 87' lang='lat' dir='ltr'>appellentur</span> <span class='ocrx_word' id='word_1_187' title='bbox 1579 2090 1734 2146; x_wconf 86' lang='lat' dir='ltr'>(Ewald</span> 
     </span>
     <span class='ocr_line' id='line_1_24' title="bbox 249 2160 1733 2236; baseline -0.002 -15"><span class='ocrx_word' id='word_1_188' title='bbox 249 2160 387 2221; x_wconf 70' lang='lat' dir='ltr'>(rescli.</span> <span class='ocrx_word' id='word_1_189' title='bbox 423 2180 489 2221; x_wconf 91' lang='lat' dir='ltr'>des</span> <span class='ocrx_word' id='word_1_190' title='bbox 518 2161 666 2222; x_wconf 83' lang='lat' dir='ltr'>Volkes</span> <span class='ocrx_word' id='word_1_191' title='bbox 699 2179 816 2221; x_wconf 90' lang='lat' dir='ltr'>Israel</span> <span class='ocrx_word' id='word_1_192' title='bbox 846 2180 881 2230; x_wconf 92' lang='lat' dir='ltr'>I,</span> <span class='ocrx_word' id='word_1_193' title='bbox 916 2195 955 2236; x_wconf 90' lang='lat' dir='ltr'>p.</span> <span class='ocrx_word' id='word_1_194' title='bbox 981 2176 1109 2232; x_wconf 79' lang='lat'>292),</span> <span class='ocrx_word' id='word_1_195' title='bbox 1151 2187 1305 2220; x_wconf 86' lang='lat' dir='ltr'>constat</span> <span class='ocrx_word' id='word_1_196' title='bbox 1335 2177 1524 2219; x_wconf 88' lang='lat' dir='ltr'>Davidem</span> <span class='ocrx_word' id='word_1_197' title='bbox 1562 2175 1733 2219; x_wconf 88' lang='lat' dir='ltr'>mercede</span> 
     </span>
     <span class='ocr_line' id='line_1_25' title="bbox 247 2259 1731 2310; baseline -0.001 -7"><span class='ocrx_word' id='word_1_198' title='bbox 247 2263 472 2304; x_wconf 86' lang='lat' dir='ltr'>conciliasse</span> <span class='ocrx_word' id='word_1_199' title='bbox 512 2262 632 2304; x_wconf 86' lang='lat' dir='ltr'>fortes</span> <span class='ocrx_word' id='word_1_200' title='bbox 675 2263 761 2303; x_wconf 90' lang='lat' dir='ltr'>illos</span> <span class='ocrx_word' id='word_1_201' title='bbox 804 2271 841 2304; x_wconf 88' lang='lat' dir='ltr'>et</span> <span class='ocrx_word' id='word_1_202' title='bbox 877 2262 1085 2304; x_wconf 84' lang='lat' dir='ltr'>bellicosos</span> <span class='ocrx_word' id='word_1_203' title='bbox 1122 2264 1239 2305; x_wconf 87' lang='lat' dir='ltr'>maris</span> <span class='ocrx_word' id='word_1_204' title='bbox 1272 2261 1542 2302; x_wconf 86' lang='lat' dir='ltr'>mediterranei</span> <span class='ocrx_word' id='word_1_205' title='bbox 1572 2259 1731 2310; x_wconf 89' lang='lat' dir='ltr'>incolas,</span> 
     </span>
     <span class='ocr_line' id='line_1_26' title="bbox 248 2342 1733 2404; baseline -0.003 -17"><span class='ocrx_word' id='word_1_206' title='bbox 248 2348 314 2404; x_wconf 88' lang='lat' dir='ltr'>qui</span> <span class='ocrx_word' id='word_1_207' title='bbox 356 2347 494 2387; x_wconf 85' lang='lat' dir='ltr'>similia</span> <span class='ocrx_word' id='word_1_208' title='bbox 533 2345 727 2402; x_wconf 88' lang='lat' dir='ltr'>stipendia</span> <span class='ocrx_word' id='word_1_209' title='bbox 758 2345 863 2402; x_wconf 89' lang='lat' dir='ltr'>apud</span> <span class='ocrx_word' id='word_1_210' title='bbox 895 2345 1214 2387; x_wconf 89' lang='lat' dir='ltr'>Psammitichum</span> <span class='ocrx_word' id='word_1_211' title='bbox 1247 2347 1286 2385; x_wconf 92' lang='lat' dir='ltr'>in</span> <span class='ocrx_word' id='word_1_212' title='bbox 1318 2344 1502 2401; x_wconf 83' lang='lat' dir='ltr'>Aegypto</span> <span class='ocrx_word' id='word_1_213' title='bbox 1535 2342 1733 2384; x_wconf 88' lang='lat' dir='ltr'>merebant</span> 
     </span>
     <span class='ocr_line' id='line_1_27' title="bbox 248 2426 1732 2484; baseline -0.002 -14"><span class='ocrx_word' id='word_1_214' title='bbox 248 2426 410 2482; x_wconf 86' lang='lat' dir='ltr'>(Herod.</span> <span class='ocrx_word' id='word_1_215' title='bbox 433 2431 482 2480; x_wconf 89' lang='lat' dir='ltr'>II,</span> <span class='ocrx_word' id='word_1_216' title='bbox 512 2426 625 2483; x_wconf 79' lang='lat'>152).</span> <span class='ocrx_word' id='word_1_217' title='bbox 673 2428 757 2470; x_wconf 89' lang='lat' dir='ltr'>Hos</span> <span class='ocrx_word' id='word_1_218' title='bbox 791 2437 918 2470; x_wconf 90' lang='lat' dir='ltr'>autem</span> <span class='ocrx_word' id='word_1_219' title='bbox 953 2427 1219 2484; x_wconf 76' lang='grc' dir='ltr'><em>δορυφόρους</em></span> <span class='ocrx_word' id='word_1_220' title='bbox 1246 2427 1374 2483; x_wconf 86' lang='lat' dir='ltr'>gladio</span> <span class='ocrx_word' id='word_1_221' title='bbox 1399 2440 1557 2483; x_wconf 87' lang='lat' dir='ltr'>quoque</span> <span class='ocrx_word' id='word_1_222' title='bbox 1587 2428 1732 2468; x_wconf 88' lang='lat' dir='ltr'>cinctos</span> 
     </span>
     <span class='ocr_line' id='line_1_28' title="bbox 246 2509 1731 2570; baseline -0.002 -16"><span class='ocrx_word' id='word_1_223' title='bbox 246 2512 384 2563; x_wconf 88' lang='lat' dir='ltr'>fuisse,</span> <span class='ocrx_word' id='word_1_224' title='bbox 430 2528 544 2570; x_wconf 90' lang='lat' dir='ltr'>quem</span> <span class='ocrx_word' id='word_1_225' title='bbox 580 2512 726 2555; x_wconf 88' lang='lat' dir='ltr'>Graeco</span> <span class='ocrx_word' id='word_1_226' title='bbox 768 2515 923 2554; x_wconf 89' lang='lat' dir='ltr'>nomine</span> <span class='ocrx_word' id='word_1_227' title='bbox 955 2512 1147 2565; x_wconf 79' lang='grc' dir='ltr'><em>μαχαίρᾳ</em></span> <span class='ocrx_word' id='word_1_228' title='bbox 1189 2509 1462 2567; x_wconf 86' lang='lat' dir='ltr'>designabant,</span> <span class='ocrx_word' id='word_1_229' title='bbox 1505 2510 1564 2551; x_wconf 75' lang='lat' dir='ltr'>vel</span> <span class='ocrx_word' id='word_1_230' title='bbox 1606 2524 1654 2550; x_wconf 83' lang='lat' dir='ltr'>ex</span> <span class='ocrx_word' id='word_1_231' title='bbox 1687 2523 1731 2551; x_wconf 86' lang='lat' dir='ltr'>eo</span> 
     </span>
     <span class='ocr_line' id='line_1_29' title="bbox 248 2592 1733 2653; baseline -0.002 -16"><span class='ocrx_word' id='word_1_232' title='bbox 248 2596 495 2647; x_wconf 86' lang='lat' dir='ltr'>deducimus,</span> <span class='ocrx_word' id='word_1_233' title='bbox 532 2596 640 2653; x_wconf 89' lang='lat' dir='ltr'>quod</span> <span class='ocrx_word' id='word_1_234' title='bbox 671 2611 775 2638; x_wconf 89' lang='lat' dir='ltr'>unus</span> <span class='ocrx_word' id='word_1_235' title='bbox 807 2598 907 2637; x_wconf 91' lang='lat' dir='ltr'>inter</span> <span class='ocrx_word' id='word_1_236' title='bbox 939 2594 1173 2636; x_wconf 85' lang='lat' dir='ltr'>fortissimos</span> <span class='ocrx_word' id='word_1_237' title='bbox 1197 2593 1359 2634; x_wconf 89' lang='lat' dir='ltr'>Davidis</span> <span class='ocrx_word' id='word_1_238' title='bbox 1392 2594 1530 2635; x_wconf 91' lang='lat' dir='ltr'>milites</span> <span class='ocrx_word' id='word_1_239' title='bbox 1564 2592 1733 2650; x_wconf 87' lang='lat' dir='ltr'>appella-</span> 
     </span>
     <span class='ocr_line' id='line_1_30' title="bbox 248 2674 1734 2734; baseline -0.003 -13"><span class='ocrx_word' id='word_1_240' title='bbox 248 2688 330 2721; x_wconf 88' lang='lat' dir='ltr'>tur:</span> <span class='ocrx_word' id='word_1_241' title='bbox 372 2683 575 2726; x_wconf 63' lang='grc' dir='ltr'>ἾΠἾΞῚΞΓῚ</span> <span class='ocrx_word' id='word_1_242' title='bbox 608 2683 709 2725; x_wconf 67' lang='grc' dir='ltr'>ἾΞΓῚ</span> <span class='ocrx_word' id='word_1_243' title='bbox 748 2681 772 2720; x_wconf 92' lang='lat' dir='ltr'>i.</span> <span class='ocrx_word' id='word_1_244' title='bbox 802 2694 833 2720; x_wconf 88' lang='lat' dir='ltr'>e.</span> <span class='ocrx_word' id='word_1_245' title='bbox 867 2679 1034 2734; x_wconf 69' lang='grc' dir='ltr'><em>Καῖνρος</em></span> <span class='ocrx_word' id='word_1_246' title='bbox 1065 2674 1087 2718; x_wconf 90' lang='grc' dir='ltr'>ὁ</span> <span class='ocrx_word' id='word_1_247' title='bbox 1119 2675 1462 2731; x_wconf 73' lang='grc' dir='ltr'><em>μαχαιροφόρος,</em></span> <span class='ocrx_word' id='word_1_248' title='bbox 1505 2675 1734 2732; x_wconf 75' lang='lat' dir='ltr'>Chepherus</span> 
     </span>
     <span class='ocr_line' id='line_1_31' title="bbox 244 2742 1732 2820; baseline -0.003 -16"><span class='ocrx_word' id='word_1_249' title='bbox 244 2763 454 2819; x_wconf 70' lang='lat' dir='ltr'>yladiator</span> <span class='ocrx_word' id='word_1_250' title='bbox 476 2760 514 2815; x_wconf 89' lang='lat' dir='ltr'>(l</span> <span class='ocrx_word' id='word_1_251' title='bbox 537 2742 706 2820; x_wconf 89' lang='lat' dir='ltr'>Paralip.</span> <span class='ocrx_word' id='word_1_252' title='bbox 730 2762 803 2811; x_wconf 88' lang='lat' dir='ltr'>XI,</span> <span class='ocrx_word' id='word_1_253' title='bbox 830 2758 914 2814; x_wconf 88' lang='grc'>36)</span> <span class='ocrx_word' id='word_1_254' title='bbox 964 2761 1061 2802; x_wconf 76' lang='lat' dir='ltr'>Nam</span> <span class='ocrx_word' id='word_1_255' title='bbox 1094 2764 1239 2806; x_wconf 65' lang='grc' dir='ltr'><strong>ΓῚἾΞὩ</strong></span> <span class='ocrx_word' id='word_1_256' title='bbox 1273 2760 1370 2801; x_wconf 85' lang='lat' dir='ltr'>idem</span> <span class='ocrx_word' id='word_1_257' title='bbox 1397 2775 1478 2801; x_wconf 90' lang='lat' dir='ltr'>esse</span> <span class='ocrx_word' id='word_1_258' title='bbox 1502 2774 1545 2800; x_wconf 89' lang='lat' dir='ltr'>ac</span> <span class='ocrx_word' id='word_1_259' title='bbox 1572 2757 1732 2814; x_wconf 77' lang='grc' dir='ltr'><em>μάχαι-</em></span> 
     </span>
     <span class='ocr_line' id='line_1_32' title="bbox 248 2828 1735 2912; baseline 0.001 -27"><span class='ocrx_word' id='word_1_260' title='bbox 248 2860 329 2900; x_wconf 90' lang='grc' dir='ltr'>ραν</span> <span class='ocrx_word' id='word_1_261' title='bbox 361 2847 454 2886; x_wconf 87' lang='lat' dir='ltr'>satis</span> <span class='ocrx_word' id='word_1_262' title='bbox 489 2845 660 2887; x_wconf 85' lang='lat' dir='ltr'>ostendit</span> <span class='ocrx_word' id='word_1_263' title='bbox 683 2844 778 2888; x_wconf 89' lang='lat' dir='ltr'>Gen.</span> <span class='ocrx_word' id='word_1_264' title='bbox 802 2844 949 2893; x_wconf 90' lang='lat' dir='ltr'>XLIX,</span> <span class='ocrx_word' id='word_1_265' title='bbox 975 2844 1018 2885; x_wconf 84' lang='lat'>5:</span> <span class='ocrx_word' id='word_1_266' title='bbox 1051 2847 1293 2912; x_wconf 39' lang='lat' dir='ltr'>&#39;affin-³:72</span> <span class='ocrx_word' id='word_1_267' title='bbox 1326 2846 1442 2910; x_wconf 66' lang='grc' dir='ltr'>ΌΕΠ</span> <span class='ocrx_word' id='word_1_268' title='bbox 1475 2828 1572 2902; x_wconf 63' lang='lat'><strong>&#39;⁴¹7³’</strong></span> <span class='ocrx_word' id='word_1_269' title='bbox 1602 2841 1735 2897; x_wconf 72' lang='lat' dir='ltr'>yladii</span> 
     </span>
     <span class='ocr_line' id='line_1_33' title="bbox 248 2905 1730 2982; baseline -0.002 -14"><span class='ocrx_word' id='word_1_270' title='bbox 248 2930 272 2968; x_wconf 93' lang='lat' dir='ltr'>i.</span> <span class='ocrx_word' id='word_1_271' title='bbox 293 2944 323 2969; x_wconf 91' lang='lat' dir='ltr'>e.</span> <span class='ocrx_word' id='word_1_272' title='bbox 348 2928 555 2982; x_wconf 82' lang='grc' dir='ltr'><em>μαχαίραι</em></span> <span class='ocrx_word' id='word_1_273' title='bbox 580 2944 720 2971; x_wconf 66' lang='lat' dir='ltr'>eonem</span> <span class='ocrx_word' id='word_1_274' title='bbox 739 2936 832 2971; x_wconf 61' lang='lat' dir='ltr'>sunt</span> <span class='ocrx_word' id='word_1_275' title='bbox 852 2942 970 2970; x_wconf 75' lang='lat' dir='ltr'>mma</span> <span class='ocrx_word' id='word_1_276' title='bbox 993 2924 1055 2980; x_wconf 91' lang='lat' dir='ltr'>(cs.</span> <span class='ocrx_word' id='word_1_277' title='bbox 1082 2926 1177 2969; x_wconf 61' lang='lat' dir='ltr'>(nen.</span> <span class='ocrx_word' id='word_1_278' title='bbox 1196 2907 1366 2976; x_wconf 83' lang='lat' dir='ltr'>XXVII,</span> <span class='ocrx_word' id='word_1_279' title='bbox 1392 2925 1430 2968; x_wconf 91' lang='grc'>3.</span> <span class='ocrx_word' id='word_1_280' title='bbox 1464 2905 1579 2967; x_wconf 83' lang='lat' dir='ltr'>Deut.</span> <span class='ocrx_word' id='word_1_281' title='bbox 1601 2924 1637 2974; x_wconf 88' lang='grc' dir='ltr'>Ι,</span> <span class='ocrx_word' id='word_1_282' title='bbox 1660 2923 1730 2966; x_wconf 77' lang='lat'>41.</span> 
     </span>
    </p>
   </div>
  </div>
 </body>
</html>
