1867 3301
955 198 987 228 X

346 325 457 371 Nihil
487 326 581 387 jam
618 334 759 372 restat
793 329 874 371 nisi
909 335 959 372 ut
985 342 1198 387 exponam
1231 342 1362 387 quare
1392 327 1547 372 librum
1574 343 1715 374 meum

226 416 375 462 Latine
403 418 612 477 scriptum
642 419 685 461 111
707 416 934 462 Germania
963 416 1170 462 edendum
1191 417 1414 462 voluerim.
1453 417 1532 467 Qui
1557 433 1717 463 novam

230 506 433 552 doctioris
479 509 723 567 argumenti
769 508 1046 567 scriptionem
1083 509 1421 563 concinnaverit,
1467 508 1525 552 illi
1570 509 1716 567 utique

229 611 358 641 curae
391 604 478 652 est,
515 604 564 641 ut
596 598 748 648 οἷκεϊος
781 595 992 654 ἅκροοῖτης
1017 597 1151 652 adsit,
1191 599 1259 642 cui
1286 597 1431 642 studia
1457 612 1540 642 sua
1564 599 1718 657 imper-

227 687 330 741 tiat,
375 701 402 730 a
445 701 529 746 quo
565 687 635 731 vel
671 701 931 732 consensum
966 687 1035 731 vel
1070 687 1444 746 reprehensionem
1480 694 1716 747 exspectet.

226 774 323 819 Jam
349 790 453 821 vero
482 791 531 820 ea
559 783 625 821 est
650 776 774 821 hodie
801 776 915 836 apud
939 777 1168 821 Britannos
1202 780 1370 823 critices
1398 786 1527 838 atque
1553 777 1717 822 herme-

226 866 418 910 neutices
446 864 631 911 Biblicae
668 866 874 921 conditio,
911 874 960 911 ut
994 869 1120 927 pauci
1147 867 1214 912 his
1242 867 1373 912 rebus
1402 883 1577 927 operam
1606 866 1716 922 dent,

227 956 455 1013 pauciores
493 955 547 1000 ad
572 955 684 1001 hanc
710 958 980 1016 provinciam
1007 957 1245 1002 ornandam
1270 965 1400 1017 atque
1428 957 1717 1017 ampliandam

228 1045 316 1088 sint
349 1044 500 1089 idonei.
552 1046 667 1090 Inter
694 1046 931 1092 Germanos
968 1054 1114 1091 autem
1139 1049 1260 1106 viget
1283 1046 1456 1106 linguae
1481 1046 1718 1091 Hebraicae

228 1135 438 1193 cognitio,
484 1136 605 1195 viget
649 1136 984 1196 unumquodque
1023 1135 1208 1181 Biblicae
1255 1137 1458 1180 scientiae
1495 1135 1716 1195 pabulum,

226 1224 345 1282 viget
380 1225 658 1283 incorruptus
704 1240 828 1270 amor
863 1228 1083 1280 veritatis,
1130 1227 1248 1285 viget
1293 1225 1470 1285 denique
1505 1240 1609 1269 vera
1644 1225 1716 1269 illa

227 1320 355 1372 atque
399 1314 619 1373 impavida
654 1314 779 1359 Fides
826 1329 935 1374 quae
978 1317 1135 1359 invitat
1179 1315 1383 1359 candidas
1419 1317 1717 1375 ingenuasque

228 1402 576 1462 disceptationes,
604 1418 681 1448 nec
707 1405 906 1448 veritatis
934 1404 1077 1448 lumen
1104 1404 1366 1449 reformidat.
1419 1403 1559 1453 Quum
1584 1406 1718 1463 igitur

225 1491 327 1536 illud
366 1491 598 1536 dumtaxat
634 1492 859 1537 habuerim
891 1496 1186 1553 propositum,
1225 1501 1275 1538 ut
1298 1509 1443 1538 mcum
1471 1493 1520 1538 de
1546 1493 1715 1538 Veteris

227 1581 495 1626 Testamenti
535 1589 759 1626 structura
794 1590 923 1642 atque
968 1585 1320 1643 interpretatione
1351 1583 1583 1643 judicium,
1623 1583 1717 1644 ι13111

226 1686 302 1731 per
335 1671 497 1716 multos
534 1687 671 1716 annos
710 1679 999 1727 maturatum,
1035 1675 1078 1723 in
1106 1673 1348 1718 doctiorum
1374 1673 1595 1718 hominum
1623 1687 1716 1717 cen-

228 1776 378 1805 suram
414 1761 643 1821 aliquando
671 1763 855 1816 veniret,
892 1763 991 1807 misi
1025 1762 1106 1807 hoc
1136 1762 1404 1822 Opusculum
1439 1770 1562 1807 trans
1598 1777 1716 1807 marc

226 1852 268 1894 in
297 1866 390 1895 eam
417 1851 620 1906 Terram,
660 1850 733 1894 uhi
766 1851 975 1910 plurimos
1003 1851 1158 1896 harum
1186 1868 1331 1897 rerum
1357 1859 1559 1897 auctores
1587 1860 1716 1912 atque

226 1939 415 1985 arbitros
462 1948 580 1985 esset
622 1948 865 1985 nacturum.
931 1940 1052 1990 Quod
1089 1944 1126 1986 si
1159 1943 1231 2001 qui
1267 1949 1370 1986 sunt
1403 1944 1446 1986 in
1481 1942 1713 1994 Britannia,

228 2029 384 2089 quibus
413 2045 522 2089 opus
553 2037 619 2075 est
644 2038 693 2074 ut
719 2045 838 2074 meas
867 2032 1088 2089 opiniones
1117 2039 1405 2091 cognoscant,
1438 2031 1495 2075 1111
1522 2030 1714 2091 profecto

226 2134 311 2163 non
348 2119 558 2179 ejusmodi
595 2127 738 2172 erunt,
774 2127 825 2164 ut
859 2120 1053 2179 scrupuli
1089 2120 1323 2180 quidquam
1358 2122 1622 2180 comperiant
1648 2119 1716 2165 vel

226 2210 268 2252 in
302 2208 450 2268 lingua
480 2224 565 2268 qua
593 2210 749 2268 scripsi
775 2209 844 2253 vel
869 2210 912 2252 in
938 2208 1044 2253 urhe
1072 2225 1158 2268 qua
1182 2210 1297 2254 hunc
1323 2210 1480 2254 librum
1508 2209 1713 2254 edendum

228 2300 390 2342 curavi.
441 2298 649 2358 Equidem
684 2298 738 2342 ad
766 2297 935 2342 Clerum
971 2299 1212 2343 concionor.
1268 2299 1517 2357 Imperitum
1550 2297 1713 2356 vngus

228 2395 269 2431 et
304 2386 536 2432 seditiosos
572 2389 761 2447 partium
798 2387 937 2447 duces
965 2387 1034 2431 odi
1070 2395 1111 2432 et
1148 2402 1287 2432 arceo.
1342 2387 1426 2431 Sed
1461 2387 1573 2431 faxit
1597 2387 1712 2431 Deus

225 2476 355 2521 Pater
390 2476 588 2537 Optimus
624 2478 867 2531 Maximus,
903 2484 1081 2536 propter
1117 2477 1337 2521 Christum
1374 2477 1603 2521 Dominum
1639 2490 1713 2519 no-

228 2572 390 2620 strum,
430 2574 470 2610 et
503 2581 580 2625 per
605 2566 814 2626 Spiritum
841 2565 1073 2620 Sanctum,
1110 2573 1160 2610 ut
1184 2566 1253 2611 hic
1278 2565 1396 2619 liber,
1434 2572 1648 2625 quatenus
1674 2566 1712 2608 is

228 2670 324 2700 cum
370 2655 511 2714 Ipsius
558 2656 783 2700 voluntate
829 2657 1048 2715 congruit,
1101 2654 1316 2701 bonorum
1361 2654 1711 2712 eruditorumque

229 2746 416 2789 omnium
444 2744 599 2790 studiis
627 2759 674 2790 se
701 2743 993 2790 commendet!

814 2923 1049 2938 -Ο,
1088 2932 1117 2933 ἡ
