1867 3301
806 199 901 246 331

109 357 193 385 rare
227 342 385 383 Deum«
446 339 543 381 Nam
585 355 663 396 quo
705 339 859 381 tandem
907 348 1082 396 tempore
1123 340 1225 395 illam
1266 355 1352 381 eum
1392 341 1602 398 Aegyptiis

109 435 147 467 et
177 424 442 480 Aethiopibus
483 426 704 465 societatem
745 426 927 464 invocaro
967 425 1100 479 potuit
1129 438 1201 465 rex
1230 424 1485 473 Israeliticus,
1528 427 1601 466 nisi

109 508 182 551 sub
218 510 369 549 initium
408 509 519 564 regni
551 505 800 556 Solomonei,
842 521 963 562 quum
995 506 1214 548 Pharaonis
1254 507 1332 547 filia
1370 515 1478 548 tanta
1516 522 1602 549 cum

108 607 275 650 pompa,
324 599 431 633 tanta
481 604 566 631 cum
613 604 702 646 spe,
754 592 792 630 in
831 590 1018 646 palatium
1057 588 1461 646 Hierosolymitanum
1499 605 1603 632 nova

109 684 234 732 nupta
264 677 440 731 ingressa
473 673 603 714 esset?
647 673 705 714 Re
737 672 834 715 bene
860 681 1077 730 perspecta,
1109 675 1239 730 quivis
1264 682 1450 731 agnoscet
1469 673 1604 732 Aegy-

109 762 228 816 ptios,
262 767 339 800 tam
371 766 458 799 ante
492 771 608 814 quam
641 765 733 812 post
764 746 913 812 primos
945 755 1172 798 Solomonis
1206 772 1343 807 annos,
1377 759 1532 799 minime
1564 760 1603 800 in

110 858 155 885 eo
189 841 309 883 suisse
339 850 384 883 ut
416 843 453 882 in
486 842 827 897 participationem
858 839 1045 882 Judaieae
1077 840 1291 897 relligionis
1330 843 1602 883 invitarentur.

109 926 238 968 Antea
276 928 377 967 enim
407 925 590 966 Israelitis
629 933 821 981 perpetuo
864 922 915 964 ob
957 923 1093 964 oculos
1133 923 1366 965 versabatur
1404 927 1604 966 servitutis

110 1010 376 1051 pharaonicae
407 1010 615 1057 memoria3
649 1016 686 1049 et
716 1016 873 1064 postea,
910 1007 1003 1048 dum
1036 1006 1200 1049 Solomo
1233 1009 1273 1048 in
1305 1016 1503 1050 senectute
1535 1023 1607 1050 sua

111 1110 131 1135 a
162 1093 337 1136 Jehovae
369 1093 477 1134 cultu
509 1091 766 1141 desciscebat,
802 1090 1044 1140 Shishakus‚
1086 1105 1157 1132 rex
1187 1091 1382 1148 Aegypti,
1424 1093 1607 1149 implaca-

109 1176 206 1218 biles
227 1179 338 1234 regni
358 1176 557 1218 Israelitici
579 1176 727 1224 hostes,
753 1174 974 1225 Hadadum,
998 1174 1232 1225 Edomitam,
1258 1184 1295 1216 et
1316 1174 1603 1226 Jerobeamum,

109 1260 251 1303 Nebati
282 1260 417 1310 filium,
456 1260 633 1316 hospitio
667 1258 914 1300 sustentabat
947 1255 986 1312 (1
1011 1258 1108 1316 Reg.
1131 1259 1199 1309 XI,
1228 1257 1292 1309 18,
1316 1256 1414 1312 4Ο);
1453 1268 1491 1301 et
1521 1268 1607 1301 tan-

111 1354 194 1387 tum
226 1343 352 1385 abfuit
381 1352 428 1385 ut
457 1343 647 1400 Aegyptii
679 1341 728 1383 ad
760 1342 934 1384 Jehovae
975 1342 1122 1384 cultum
1159 1344 1326 1399 propius
1367 1343 1604 1393 accederent,

111 1438 157 1470 ut
187 1437 324 1470 contra
353 1426 610 1469 Jerobeamus
642 1427 704 1468 ille
737 1440 898 1467 aureum
931 1428 1033 1467 tauri
1063 1426 1230 1468 Mneuis
1261 1411 1510 1468 simulacrum
1532 1427 1608 1468 Be-

110 1512 213 1554 thele
261 1520 299 1553 et
347 1511 457 1553 Dane
502 1513 676 1568 positum
721 1510 983 1551 Israelitarum
1028 1512 1271 1551 venerationi
1317 1510 1608 1552 commendaret

113 1592 154 1649 (1
178 1595 277 1652 Reg.
298 1594 382 1645 XII,
408 1594 477 1645 28,
503 1593 571 1644 30,
598 1593 666 1643 32,
702 1594 727 1635 2
749 1593 848 1650 Reg.
871 1594 922 1644 X,
947 1592 1026 1644 293
1060 1592 1107 1634 cf.
1130 1593 1310 1650 Lepsius,
1338 1592 1608 1651 Chronologie

113 1679 181 1720 der
210 1678 434 1736 Aegypter,
475 1693 515 1733 p.
547 1675 664 1731 326).
720 1676 797 1719 Sed
831 1679 932 1718 inter
963 1676 1153 1718 infensam
1185 1676 1454 1734 Aegyptiacae
1485 1679 1609 1719 servi-

111 1765 207 1805 tutis
237 1763 462 1805 memoriam
500 1770 538 1803 et
569 1763 788 1803 venientem
818 1761 1038 1802 Bethelicae
1070 1760 1315 1802 idololatriae
1347 1760 1609 1803 abominatio-

112 1862 218 1896 nem,
262 1845 406 1887 scilicet
438 1844 531 1886 dum
564 1844 792 1886 Solomonis
829 1852 1006 1900 potestas
1039 1845 1270 1886 intaminata
1300 1844 1385 1886 luce
1418 1843 1606 1902 fulgebat,

114 1930 206 1971 dum
228 1929 447 1971 Pharaonis
480 1928 557 1970 filia
579 1943 732 1970 summo
761 1927 969 1984 splendore
991 1927 1279 1984 Hierosolymis
1302 1927 1480 1985 degebat,
1515 1929 1608 1970 dum

113 2029 224 2056 socer
261 2027 405 2071 genero
447 2012 617 2054 devictas
652 2011 955 2054 Canaanitarum
992 2011 1110 2053 urbes
1143 2011 1250 2053 dono
1284 2011 1422 2062 dabat,
1465 2012 1608 2069 aliique

113 2113 223 2155 reges
256 2112 306 2138 ex
336 2096 517 2154 partibus
554 2095 769 2138 infidelium
802 2098 966 2137 amicum
999 2111 1091 2153 erga
1121 2096 1315 2153 populum
1347 2095 1608 2138 Jasharanum

114 2184 231 2224 animi
278 2180 456 2223 affectum
504 2180 774 2229 ostentabant,
823 2195 903 2221 non
943 2179 1107 2222 absurdi
1146 2188 1229 2221 erat
1268 2182 1414 2237 ingenii
1453 2195 1609 2238 sperare

116 2274 341 2323 »magnates
383 2279 432 2305 ex
462 2264 649 2321 Aegypto
690 2272 928 2314 venturos,«
976 2266 1044 2320 qui
1087 2264 1285 2321 supplices
1328 2264 1378 2306 ad
1416 2264 1608 2307 Jehovam

114 2351 262 2409 palmas
293 2349 511 2391 tenderent.

237 2433 427 2488 Quintum
459 2440 754 2489 argumentum,
789 2431 918 2488 quod,
953 2438 998 2472 ut
1030 2431 1124 2472 mihi
1156 2431 1315 2488 quidem
1347 2430 1516 2481 videtur,
1550 2433 1611 2472 in-

117 2517 273 2560 dubiam
306 2519 495 2574 temporis
526 2525 660 2558 notam
692 2517 908 2565 ministrat,
947 2515 1041 2556 latet
1071 2517 1111 2556 in
1143 2529 1260 2557 versu
1290 2514 1360 2557 28.
1418 2514 1475 2556 Ibi
1508 2516 1609 2556 enim

116 2610 233 2660 poeta
263 2610 399 2643 noster
430 2602 484 2642 ita
515 2600 695 2643 Deborae
728 2601 919 2642 canticum
961 2600 1156 2649 imitatur,
1195 2607 1241 2640 ut
1271 2607 1402 2641 tamen
1433 2598 1608 2640 tribuum

117 2687 275 2727 nomina
314 2699 387 2725 suo
426 2687 636 2742 proposito
679 2684 952 2726 convenientia
983 2683 1112 2740 eligat.
1168 2682 1255 2725 Jam
1286 2697 1380 2724 vero
1413 2682 1497 2724 fieri
1528 2698 1610 2724 non

117 2777 250 2826 potest
280 2776 326 2810 ut
357 2769 678 2824 septentrionales
711 2767 838 2810 tribus
868 2766 1108 2809 Zebulonem
1141 2775 1178 2808 et
1198 2766 1441 2823 Naphthalin
1473 2769 1512 2808 in
1545 2781 1610 2808 so-

118 2853 233 2893 lemni
272 2851 379 2893 aedis
419 2866 550 2893 sacrae
582 2851 825 2895 dedicatione
863 2860 1050 2908 tanquam
1086 2858 1310 2908 praesentes
1342 2858 1611 2907 repraesenta-

118 2938 230 2987 verit,
262 2937 337 2977 nisi
369 2950 415 2978 eo
447 2943 623 2993 tempore
655 2950 735 2994 quo
769 2937 926 2993 scripsit
955 2943 1042 2978 tota
1071 2934 1331 2977 Israelitarum
1363 2948 1458 2992 gens
1490 2935 1610 2976 unius
