1867 3301
829 194 920 241 121

129 339 269 394 ligiosa
300 338 389 377 inde
423 336 596 377 derivata
628 337 765 391 pietas.
830 334 927 376 Nam
960 335 1095 376 Ismael
1129 334 1305 391 quidem,
1346 350 1395 376 ex
1427 337 1623 393 Aegyptia

128 421 260 478 pellice
294 428 531 477 prognatus,
566 419 823 476 Aegyptiam,
859 421 994 460 matris
1029 419 1213 469 consilio,
1250 419 1513 460 conditionem
1547 420 1619 461 sibi

129 505 319 546 conciliat.
368 504 417 545 Et
438 503 611 553 Esavus,
641 505 708 560 qui
734 502 912 544 ducendo
940 505 978 543 in
1003 504 1293 544 matrimonium
1315 501 1514 544 Cliittaeas
1537 519 1623 545 mu-

128 589 237 629 lieres
271 603 410 645 magna
440 596 620 644 parentes
653 602 748 628 suos
776 587 1019 644 aegritudine
1043 587 1221 628 ass'eccrat
1252 584 1366 640 (Gen.
1384 587 1504 629 XXV
1506 588 1531 638 l,
1553 586 1620 629 35.

128 672 296 722 XXVII,
321 669 407 725 46),
443 671 608 721 easdem,
643 679 688 712 ut
711 670 942 720 videbimus,
977 679 1088 727 aptas
1111 673 1328 721 existimat,
1365 671 1509 728 quibus
1532 688 1623 714 san-

126 756 373 813 guinolentas
415 755 607 797 vindictae
647 755 920 797 meditationes
961 756 1170 811 impertiat.
1235 755 1291 797 At
1328 756 1503 806 Isaacus,
1544 757 1622 798 Te-

126 840 300 891 rachicae
341 840 460 881 Sarae
503 849 640 889 natus,
692 839 865 895 ejusdem
905 841 1114 895 prosapiae
1157 854 1341 889 uxorem,
1391 839 1618 891 Rebeccam,

126 926 235 981 petit.
298 924 349 966 Et
388 924 520 965 cadem
559 923 735 966 Rebecca
774 926 812 965 in
854 939 970 965 causa
1013 932 1090 973 est,
1142 938 1210 965 cur
1248 922 1441 974 Jacobus,
1492 940 1618 982 quem,

127 1007 260 1050 divino
302 1008 460 1050 oraculo
503 1007 709 1058 obediens,
754 1010 992 1064 principatui
1030 1007 1230 1064 relligioso
1275 1007 1558 1060 destinaverat,
1601 1024 1620 1051 e

128 1091 279 1134 [iliabus
312 1092 461 1135 Labani
494 1093 678 1134 avunculi
711 1094 772 1133 sui
806 1092 903 1133 duas
936 1106 1084 1134 uxores
1118 1100 1298 1134 sumeret.

246 1176 322 1230 Qui
355 1177 503 1218 ethicos
538 1177 658 1232 hujus
693 1176 979 1233 dramaturgiac
1011 1191 1140 1218 mores
1173 1178 1433 1227 insectantur,
1476 1186 1513 1218 et
1544 1177 1620 1220 Re-

126 1260 262 1302 beccae
285 1259 501 1318 Jacohique
534 1259 681 1301 vasram
715 1263 900 1302 astutiam
932 1260 982 1302 ad
1008 1259 1253 1302 Christianae
1286 1260 1503 1303 honestatis
1536 1270 1621 1304 tru-

127 1346 244 1386 tinam
277 1347 465 1402 castigare
494 1345 649 1394 volunt,
684 1345 710 1385 ii
742 1344 919 1401 profecto
953 1360 1033 1386 non
1067 1346 1161 1386 satis
1194 1345 1420 1402 intelligunt
1450 1346 1621 1403 relligio-

125 1443 206 1471 sam
246 1444 289 1470 ac
326 1430 563 1471 nationalcm
602 1430 726 1470 totius
766 1429 840 1470 loci
880 1431 1123 1471 sententiam.
1191 1426 1331 1471 Omnia
1368 1429 1540 1485 pendent
1571 1445 1620 1473 ex

125 1513 303 1563 oraculo,
350 1529 430 1571 quo
470 1513 623 1556 Jchova
661 1512 859 1555 Rebeccae
897 1514 1226 1570 pronuntiaverat
1266 1528 1306 1555 se
1345 1528 1426 1555 non
1465 1522 1618 1556 tantum

122 1599 299 1654 geminos
332 1612 490 1655 puer-03,
526 1598 594 1639 sed
626 1596 723 1638 duas
756 1606 891 1655 gentes
924 1599 964 1638 in
997 1606 1109 1639 utero
1144 1606 1316 1654 gestare,
1352 1612 1522 1654 quorum
1547 1600 1620 1640 mi-

124 1696 257 1723 norem
289 1682 396 1724 Deus
436 1681 784 1738 praedestinasset,
828 1683 889 1723 cui
930 1682 1127 1724 ecclesiam
1166 1696 1277 1724 suam
1308 1682 1619 1738 promovendam

123 1767 399 1816 committeret,
450 1766 613 1816 scilicet,
665 1767 726 1807 eui
767 1764 901 1807 Sheini
946 1765 1260 1808 benedictionem
1308 1775 1431 1808 ratam
1478 1766 1619 1810 faceret

124 1848 237 1904 (Gen.
267 1850 397 1900 XXV,
424 1848 510 1904 23).
574 1850 637 1892 Ex
677 1858 867 1907 quattuor
907 1852 1107 1907 personis,
1150 1865 1316 1907 quarum
1354 1860 1485 1907 partes
1519 1842 1620 1893 sunt

123 1937 162 1977 in
198 1934 273 1976 hoc
305 1934 496 1984 dramate,
539 1936 729 1976 neminem
764 1936 944 1991 oportuit
981 1936 1164 1991 ignorare
1198 1935 1294 1991 quid
1325 1935 1366 1976 id
1398 1935 1473 1977 sibi
1506 1935 1619 1978 vellet

125 2018 338 2060 oraculum.
388 2018 467 2060 Sed
500 2033 622 2075 quum
644 2018 797 2060 Esavus
832 2020 1075 2074 contemptui
1108 2017 1267 2060 duceret
1299 2028 1336 2061 et
1363 2018 1619 2075 vilipenderet

124 2104 399 2160 praerogativa
430 2104 579 2152 aetatis,
613 2103 767 2143 isaacus
801 2110 929 2144 autem
963 2102 1012 2143 ad
1037 2104 1190 2143 irritum
1213 2103 1387 2159 redigere
1410 2112 1618 2145 conaretur

124 2187 310 2228 disertum
352 2185 447 2227 illud
487 2188 658 2242 supremi
690 2185 870 2227 Numinis
910 2188 1183 2243 propositum,
1227 2189 1319 2243 quia
1351 2201 1464 2230 carne
1497 2187 1618 2229 ferina

121 2271 240 2313 Esavi
280 2269 564 2321 delectabatur3
605 2269 781 2312 Rebecca
822 2269 998 2326 quidem,
1042 2273 1143 2312 sicut
1181 2270 1303 2312 Beata
1335 2271 1481 2321 Maria,
1525 2286 1618 2313 con-

123 2354 306 2397 servabat
338 2356 468 2395 omnia
499 2353 619 2395 verba
651 2354 744 2396 haec
776 2356 816 2395 in
849 2354 966 2396 corde
999 2369 1071 2396 suo
1107 2351 1218 2407 (Luc.
1242 2355 1292 2404 ΙΙ,
1318 2351 1405 2408 51),
1441 2364 1479 2397 et
1502 2356 1617 2397 Jaco-

122 2439 197 2481 bus
245 2441 433 2496 primum,
484 2440 727 2480 occasionem
766 2447 924 2489 nactus,
975 2439 1094 2480 Esavi
1134 2441 1431 2495 praerogativas
1472 2453 1493 2480 a
1535 2439 1615 2481 Deo

123 2522 197 2564 sibi
237 2522 448 2565 destinatas
487 2524 680 2579 mancipio
724 2525 881 2579 accipit,
932 2522 1090 2572 deinde,
1136 2524 1269 2563 matris
1311 2531 1400 2564 astu
1441 2522 1614 2579 adjutus,

122 2606 431 2648 benedictionem
469 2609 611 2664 patris,
655 2621 754 2663 quae
787 2607 880 2662 jura
919 2608 1252 2663 primogeniturae
1291 2608 1402 2662 sequi
1435 2605 1613 2657 debehat,

122 2691 252 2732 Esavo
293 2693 492 2747 praeripit.
559 2689 726 2733 Constat
761 2692 881 2747 igitur
911 2689 1125 2731 Rebeccam
1159 2698 1196 2730 et
1227 2688 1419 2731 Jacobum
1450 2692 1490 2732 in
1522 2705 1617 2747 sup-

122 2773 336 2831 plantando
369 2773 499 2816 Esavo
543 2774 639 2816 nihil
681 2776 805 2831 egisse
845 2777 919 2816 nisi
961 2776 1097 2815 πίστει
1137 2775 1209 2814 καὶ
1244 2775 1341 2828 περὶ
1371 2771 1617 2827 μελλόντων

125 2855 214 2914 (Ep.
239 2857 287 2898 ad
308 2855 428 2898 Hebr.
450 2857 527 2908 XI,
553 2857 645 2911 20),
679 2859 853 2900 Isaacum
885 2867 1034 2907 autem,
1078 2865 1240 2914 propter
1273 2858 1462 2899 carnalem
1496 2872 1616 2914 appe-

122 2943 218 2983 titus
259 2940 558 2998 indulgentiam,
601 2942 768 2984 ferocem
800 2951 1024 2986 venatorem
1063 2943 1147 2984 miti
1187 2943 1338 2999 pastori
1369 2941 1613 2999 praetulisse,
