1867 3301
717 209 995 282 *1753OE

351 348 409 392 Ne
442 350 600 407 quando
633 349 696 391 Ille
730 351 922 390 irascatur
954 358 1069 405 teque
1101 363 1121 390 e
1153 348 1290 390 tellure
1323 349 1525 404 exstirpet.

109 444 322 479 De11t.V1.[16]
354 433 411 475 Ne
434 442 579 476 tentate
601 433 793 475 Jehovam
815 432 942 475 Deum
963 441 1158 483 vestrum,
1193 434 1294 474 sieut
1314 434 1493 474 tentastis
1516 446 1601 472 eum

893 517 932 558 in
963 516 1051 558 1000
1083 518 1324 559 tentationis.

259 612 321 646 [17]
354 600 433 644 Sed
467 600 633 643 observa
664 608 873 658 praecepta
902 599 1096 651 Jehovae,
1132 609 1170 642 et
1200 600 1424 642 testimonia
1456 606 1494 640 et
1525 606 1603 639 sta-

891 691 978 725 tuta
1008 683 1080 724 tibi
1116 683 1274 734 tradita,

259 779 321 814 [18]
354 767 405 810 Et
437 767 495 809 fae
526 767 566 809 id
599 767 708 825 quod
738 764 906 820 probum
940 775 998 808 est
1029 775 1067 808 et
1098 765 1245 810 1101111111
1278 781 1408 808 coram
1438 765 1601 814 Jehova,

352 850 405 894 Ut
434 851 531 894 bene
565 853 616 892 sit
646 851 718 893 tihi
743 859 781 892 et
800 853 1002 908 ingressus
1024 851 1228 907 possideas
1251 859 1393 892 terram
1417 851 1601 906 optimam

354 935 479 989 Quam
511 934 664 976 Jehova
690 934 951 990 jurejurando
984 933 1164 991 patribus
1196 936 1275 975 tuis
1307 935 1491 990 promisit
1510 929 1550 987 ยน).

133 1031 234 1057 20-25.
260 1026 324 1066 [20]
357 1018 487 1072 Quum
511 1027 639 1060 autem
661 1018 764 1060 filius
787 1027 880 1059 tuus
904 1020 1073 1060 crastino
1091 1026 1267 1075 tempore
1284 1019 1603 1074 interrogaverit:

356 1102 461 1157 Quid
494 1102 567 1144 sibi
591 1102 731 1144 volunt
762 1104 986 1143 testimonia
1017 1101 1113 1143 haee
1144 1110 1182 1143 et
1214 1109 1361 1143 statuta
1392 1109 1430 1142 et
1455 1100 1604 1156 judicia

356 1185 463 1239 Quae
494 1188 693 1243 praecepit
723 1185 838 1227 nohis
871 1185 1024 1227 Jehova
1054 1184 1161 1227 Deus
1193 1185 1358 1227 noster?

258 1279 323 1315 [21]
358 1269 461 1311 Tum
484 1269 762 1326 respondebis:
789 1268 901 1311 Servi
925 1284 1077 1311 eramus
1098 1269 1318 1310 Pharaonis
1340 1271 1378 1310 in
1401 1268 1601 1326 Aegypto,

355 1352 434 1395 Sed
465 1354 618 1395 Jehova
650 1369 723 1395 nos
756 1353 846 1394 inde
878 1368 996 1395 manu
1027 1353 1157 1395 valida
1188 1352 1345 1402 eduxit,

257 1447 322 1483 [22]
356 1437 542 1494 Fecitque
582 1440 622 1479 in
654 1437 840 1495 Aegypto
881 1439 993 1494 signa
1031 1446 1148 1494 atque
1179 1436 1363 1494 prodigia
1393 1447 1534 1493 magna
1566 1444 1604 1477 et

891 1535 1007 1562 saeva

355 1602 505 1647 Contra
542 1604 788 1647 Pharaonem
828 1618 1060 1661 omnemque
1105 1604 1264 1646 domum
1304 1604 1388 1660 ejus
1428 1605 1468 1645 in
1511 1618 1604 1645 eon-

492 1736 494 1738 ,
892 1696 1030 1745 spectu
1060 1697 1213 1730 nostro.

257 1781 322 1817 [231
355 1771 407 1813 Et
438 1771 576 1814 eduxit
606 1787 679 1814 nos
712 1772 822 1822 inde,
856 1780 902 1813 ut
932 1771 1168 1814 introductis
1203 1772 1313 1813 daret
1344 1780 1504 1822 terram,

354 1855 479 1909 Quam
505 1857 768 1912 jurejurando
800 1855 981 1913 patribus
1013 1858 1161 1897 nostris
1193 1857 1388 1912 promisit.

255 1948 320 1984 [24]
353 1938 557 1996 Praecepit
596 1954 689 1997 ergo
729 1939 845 1982 nobis
878 1939 1051 1990 Jehova,
1092 1947 1138 1981 ut
1169 1947 1317 1981 statuta
1347 1939 1442 1980 haee
1474 1940 1603 1981 omnia

893 2037 1167 2080 exsequamur,

351 2105 402 2148 Et
433 2108 636 2148 timeamus
668 2105 861 2148 Jehovam
893 2105 1019 2148 Deum
1051 2115 1255 2157 nostrum,

354 2188 406 2231 Ut
436 2188 535 2232 bene
566 2191 618 2232 sit
647 2189 762 2232 nobis
796 2198 913 2248 atque
945 2199 990 2233 ut
1020 2190 1235 2232 incolumes
1269 2190 1468 2239 vivamus,
1503 2190 1604 2230 sieut

890 2274 1022 2316 hodie.

256 2366 321 2402 [25]
353 2355 453 2398 Illud
484 2370 577 2399 vero
610 2365 656 2398 ut
681 2353 841 2406 justitia
871 2357 988 2399 nobis
1019 2356 1281 2415 reputabitur,

352 2438 396 2481 Si
429 2439 719 2482 observarimus
752 2449 790 2484 et
821 2440 1024 2483 fecerimus
1059 2443 1189 2483 omnia
1221 2441 1315 2482 haee
1345 2448 1552 2497 praecepta

351 2521 491 2565 Coram
522 2522 684 2567 Jehova,
715 2526 818 2566 sicut
847 2525 912 2566 Ille
943 2523 1060 2566 nobis
1092 2527 1301 2581 praecepit.

210 2649 234 2692 ยน)
268 2647 373 2683 Omisi
399 2663 431 2685 v.
451 2649 506 2693 19,
534 2653 613 2698 quia
639 2652 678 2687 de
704 2653 879 2687 nationum
906 2653 1134 2687 internecione
1160 2664 1201 2686 ne
1222 2652 1362 2687 verbum
1383 2652 1518 2699 quidem
1544 2663 1601 2699 ap-

109 2717 203 2758 paret
228 2713 261 2746 in
287 2716 513 2759 promissione
541 2716 672 2759 divina,
701 2723 867 2763 quatenus
894 2716 1100 2764 patriarchae
1124 2717 1188 2763 ipsi
1207 2716 1272 2752 tale
1291 2718 1497 2764 promissum
1517 2719 1601 2753 acci-

110 2779 239 2824 pientes
266 2779 488 2823 inducuntur3
515 2780 557 2816 cf.
584 2783 682 2817 etiam
707 2794 763 2818 vv.
784 2782 839 2826 10,
857 2781 914 2819 23.
