1867 3301
849 200 970 271 ᾖ-ῶ1
982 199 1045 246 64

181 353 186 357 ·
246 348 329 382 tum
353 339 582 389 declararet,
614 353 713 396 quae
736 352 925 380 summam
948 339 1043 395 legis
1068 353 1111 380 ac
1132 338 1415 396 prophetarum
1439 338 1738 395 complecteren-

247 433 323 473 tur,
366 423 414 464 ad
445 424 797 465 Deuteronomium
831 423 1037 464 dumtaxat
1067 425 1276 479 spectavit,
1314 423 1385 463 ctsi
1416 424 1614 479 posterior
1645 424 1738 463 cita-

246 509 366 548 tionis
398 507 588 564 particula
620 508 659 547 in
682 507 855 548 Levitico
882 505 1009 547 obiter
1034 508 1203 547 occurrit
1236 503 1393 558 (Matth.
1417 505 1540 556 XXII,
1565 504 1738 548 37—40

247 605 278 632 s.
306 588 363 643 1.).
429 590 566 631 Utrum
600 598 709 631 totus
742 590 803 631 ille
836 589 1145 639 pentateuchus,
1182 590 1306 646 qualis
1340 589 1389 630 ad
1420 605 1492 630 nos
1526 589 1736 639 descendit,

248 676 286 714 in
318 673 539 714 Palaestina
579 689 648 730 per
687 689 822 715 manus
856 674 950 730 legis
983 675 1199 729 peritorum
1233 674 1475 722 volveretur,
1518 681 1613 714 tunc
1642 681 1739 714 tem-

248 759 370 814 poris,
407 771 527 814 quum
550 749 665 799 ‚Jesus
699 760 800 799 inter
831 758 1007 798 homines
1041 756 1283 815 versabatur,
1318 772 1366 798 an
1397 759 1532 813 potius
1565 756 1738 798 diversae

247 840 439 882 librorum
471 841 626 883 illorum
659 850 789 897 partes
823 843 985 882 seorsim
1020 840 1238 890 ederentur,
1274 849 1311 881 et
1336 840 1557 881 Pharisaeis
1588 842 1736 896 potius,

248 939 365 981 quam
406 927 591 966 universo
632 925 783 981 populo
827 927 1132 973 innotescerent,
1183 924 1362 980 equidem
1404 924 1510 965 haud
1551 923 1736 979 dijudico.

247 1008 361 1050 Jesus
395 1011 583 1065 cognovit
615 1008 756 1050 librum
791 1008 999 1057 Geneseos,
1040 1023 1129 1048 nam
1160 1008 1251 1048 Loti
1282 1022 1447 1048 uxorem
1481 1004 1592 1060 (Luc.
1615 1007 1737 1057 XVII,

249 1091 437 1134 28—-32,
473 1091 519 1133 cs.
552 1091 647 1133 Gen.
679 1091 795 1141 XIX,
822 1089 903 1144 26)
946 1100 983 1132 et
1009 1090 1311 1132 'Sodomitarum
1344 1091 1536 1132 excidium
1571 1088 1737 1144 (Matth.

246 1175 306 1224 X,
335 1174 399 1216 15.
442 1174 488 1216 ef,
522 1174 617 1216 Gen.
642 1175 756 1224 XIX,
782 1174 849 1216 24.
884 1174 1000 1216 Deut.
1024 1174 1178 1223 XXIX,
1205 1172 1283 1228 23)
1318 1183 1606 1216 commemorat.
1663 1174 1740 1216 Re-

249 1261 364 1315 spicit
396 1267 524 1300 autem
559 1259 686 1300 obiter
719 1258 768 1299 ad
798 1259 980 1300 Lamechi
1013 1258 1242 1300 cantilenam
1276 1255 1440 1311 (Matth.
1470 1258 1615 1307 XVIII,
1644 1255 1736 1311 22).

247 1342 298 1383 Et
329 1343 463 1384 Marco
498 1351 657 1384 auctore
689 1340 801 1395 (XII,
827 1339 907 1395 26)
941 1342 1083 1383 diserte
1115 1344 1249 1383 citavit
1279 1341 1464 1383 Exodum
1498 1338 1586 1395 (III,
1613 1339 1662 1394 6)
1695 1349 1740 1382 ut

247 1426 390 1468 librum
411 1426 550 1467 Mosis.
597 1425 830 1480 Quinetiam,
862 1428 893 1467 si
917 1441 1052 1467 verum
1074 1425 1173 1467 vidit
1193 1426 1286 1476 Leo,
1314 1440 1427 1482 quem
1451 1427 1543 1466 citat
1563 1425 1740 1480 Bythne-

247 1524 315 1551 rus
349 1507 470 1566 (Lyra
492 1510 655 1551 Davidis
687 1510 735 1551 ad
757 1510 822 1552 Ps.
846 1509 976 1559 XXII,
1005 1508 1058 1562 1),
1091 1509 1285 1551 Dominus
1305 1517 1440 1550 noster
1460 1511 1498 1549 in
1523 1523 1634 1550 cruce
1655 1524 1740 1550 mo-

247 1595 351 1634 riens
374 1595 427 1634 ita
449 1595 616 1634 mutavit
636 1593 780 1635 Psalmi
802 1595 974 1634 vicesimi
998 1593 1158 1634 secundi
1180 1595 1352 1642 initium,
1383 1601 1428 1633 ut
1450 1592 1499 1633 ad
1521 1595 1676 1634 arietem
1698 1594 1737 1633 in

248 1677 421 1733 virgulto
449 1674 646 1746 (ἾᾎῸΞ)
680 1677 892 1733 implexum
918 1674 1031 1729 (Gen.
1055 1677 1185 1726 XXII,
1209 1674 1278 1727 13)
1301 1678 1520 1732 respiceret.
1567 1675 1684 1729 Quod
1706 1678 1738 1717 si

250 1762 437 1816 cognovit
467 1761 641 1817 reliquos
674 1760 814 1810 libros,
850 1760 917 1802 sed
949 1775 1015 1801 eos
1049 1760 1303 1817 negligendos
1338 1759 1473 1809 duxit,
1508 1767 1737 1816 argumento

249 1859 271 1884 a
303 1842 458 1885 fortiori
491 1844 772 1894 concludimus,
806 1843 940 1885 Jesum
972 1859 1051 1885 non
1085 1845 1123 1884 in
1156 1843 1230 1884 illis
1262 1843 1383 1893 libris,
1424 1842 1493 1884 sed
1523 1845 1562 1884 in
1594 1842 1739 1884 Deute-

248 1930 450 1978 ronomio,
492 1927 707 1969 Mosaicam
746 1928 886 1985 legem,
929 1942 1028 1984 quae
1069 1927 1239 1968 divinam
1280 1929 1468 1983 originem
1506 1926 1579 1967 sibi
1611 1925 1739 1967 vindi·

249 2010 380 2062 cabat,
416 2013 636 2068 agnovisse.
685 2011 771 2052 Tali
793 2013 1024 2052 auctoritate
1048 2010 1182 2060 fretus,
1218 2011 1325 2051 haud
1347 2010 1525 2067 equidem
1547 2009 1737 2051 dubitabo

249 2103 429 2151 quartam
460 2094 667 2136 Jasharani
708 2094 796 2136 libri
834 2103 983 2150 partem
1025 2109 1074 2136 ex
1113 2096 1250 2151 quinta
1281 2094 1535 2137 Pentateuchi
1568 2095 1738 2135 sectione

249 2192 395 2220 CI'UOI'O.

615 2312 672 2357 IN
709 2312 1105 2358 FRAGMENTUM
1141 2313 1371 2360 PRIMUM.

366 2428 498 2485 Vulgo
532 2428 740 2485 perhibent
777 2428 919 2469 librum
951 2429 1248 2470 Deuteronomii
1281 2430 1438 2470 alteram
1471 2444 1553 2470 esse
1584 2424 1645 2470 vel
1676 2444 1737 2471 re-

246 2513 409 2568 petitam
440 2512 535 2569 legis
567 2512 764 2554 Mosaicae
796 2512 1017 2553 editionem.
1067 2512 1170 2553 Haec
1204 2514 1351 2569 opinio,
1385 2521 1430 2553 ut
1452 2513 1545 2553 mihi
1568 2512 1733 2562 videtur,

248 2595 356 2636 nullo
398 2595 651 2637 fundamento
695 2597 885 2636 innititur.
949 2594 1046 2636 Nam
1087 2596 1199 2651 plane
1233 2594 1428 2637 absurdus
1461 2604 1519 2637 est
1550 2611 1593 2637 ac
1625 2596 1736 2637 valde

250 2677 485 2720 deridendus
519 2681 684 2720 istorum
719 2694 838 2729 error,
874 2681 941 2735 qui
974 2680 1012 2720 in
1044 2678 1144 2719 lianc
1177 2681 1407 2720 sententiam
1439 2687 1647 2736 propterea
1669 2679 1737 2720 ad-

249 2760 460 2811 ducuntur,
496 2764 586 2819 quia
608 2762 865 2804 Alexandrini
898 2764 1125 2818 interpretes
1158 2761 1299 2803 librum
1323 2765 1606 2819 inscripserunt
1626 2765 1737 2804 Δευ-

247 2843 507 2900 τερονόμιον,
541 2845 770 2886 Hebraicam
797 2845 1102 2902 designationem
1127 2840 1294 2912 rffijnrj
1316 2843 1461 2906 Πξῖζὲγβ
1484 2847 1521 2886 in
1547 2845 1734 2887 Graecum

249 2930 511 2985 compositum
545 2937 749 2970 vertentes.
801 2928 955 2986 Quippe
986 2931 1062 2970 ista
1094 2927 1309 2985 designatio
1343 2931 1503 2985 respicit
1534 2929 1584 2972 ad
1606 2929 1736 2972 locum
