1867 3301
239 316 326 344 Num.
343 315 452 344 XXIII.

389 361 394 393 l
404 360 451 392 21]

391 674 452 708 [22]

392 840 454 876 [23]

394 1173 455 1207 [24]

242 1652 331 1679 Num.
343 1651 454 1682 XXIV,

276 1696 311 1721 3-
324 1696 348 1721 9.
409 1694 452 1729 [3]

411 1842 454 1877 [4]

409 2092 454 2128 1⁵1

410 2258 453 2293 161

415 2592 457 2626 [7]

484 328 620 386 Neque
654 331 753 370 enim
786 328 1046 369 idololatriam
1079 329 1201 369 cernit
1232 330 1333 370 inter
1363 327 1573 377 Jacobitas,

480 413 614 469 Neque
649 415 892 468 iniquitatem
926 413 1026 453 inter
1057 412 1262 453 Israelitas.

481 496 632 537 Jeliova
665 495 772 536 Deus
805 498 905 536 inter
937 510 1004 536 eos
1037 504 1228 545 versatur,

485 578 559 620 Cui
592 588 637 620 ut
667 581 749 635 regi
783 593 855 619 suo
884 577 1097 633 jubilantes
1131 579 1355 620 acclamant.

486 662 593 703 Deus
628 662 793 703 deduxit
825 676 891 702 eos
923 676 971 703 ex
1003 661 1203 719 Aegypto.

482 747 661 802 Ingentes
695 754 788 786 sunt
820 760 955 786 eorum
988 747 1088 786 vires
1121 754 1307 802 tanquam
1337 744 1452 786 bovis
1484 744 1630 787 buss'eli.

487 828 647 870 Nullum
681 831 780 869 enim
814 837 872 869 est
903 830 1111 885 augurium
1145 837 1281 870 contra
1311 827 1522 877 Jacobitas‚

483 911 599 954 Nulla
632 920 768 954 contra
799 912 989 953 Israelitas
1023 913 1248 952 incantatio.

485 997 660 1053 Tempus
694 998 834 1045 instat,
869 1009 990 1051 quum
1021 994 1313 1050 praedicabitur
1345 994 1390 1035 de
1422 993 1611 1036 Jacobitis

483 1079 534 1121 Et
566 1080 612 1120 de
643 1079 846 1120 Israelitis:
881 1085 1036 1134 quanta
1057 1077 1165 1134 fecit
1193 1078 1340 1121 Deus!

487 1163 585 1204 Ecce
616 1163 679 1203 hic
709 1162 883 1219 populus
917 1170 1052 1218 surget
1083 1163 1185 1202 sicut
1215 1161 1366 1211 leaena,

484 1246 535 1287 Et
566 1249 688 1287 instar
718 1246 841 1286 leonis
876 1260 915 1286 se
948 1247 1080 1302 eriget.

486 1329 575 1370 Non
607 1331 718 1385 prius
749 1327 949 1370 recumbet
981 1343 1097 1385 quam
1129 1331 1279 1369 vorarit
1309 1328 1512 1385 praedam,

487 1412 612 1467 Quam
646 1415 874 1470 sanguinem
908 1414 1126 1454 occisorum
1160 1412 1347 1454 hauserit.

777 1570 924 1597 TERTIA
955 1569 1193 1597 PARTxcULA.

489 1664 592 1705 Dicit
623 1663 818 1704 Bileamus
850 1663 953 1704 filius
985 1662 1136 1712 Beoris,

486 1748 590 1788 Dicit
622 1750 692 1796 vir,
729 1748 789 1787 cui
823 1746 960 1787 oculus
994 1755 1152 1802 apertus
1187 1754 1264 1795 est,

488 1831 592 1872 Dicit
623 1832 668 1879 is,
705 1832 771 1886 qui
804 1828 923 1870 verba
956 1829 1065 1870 audit
1097 1829 1247 1878 divina,

488 1914 564 1968 Qui
596 1916 680 1955 visa
714 1915 993 1969 omnipotentis
1027 1913 1144 1962 vidit,

486 1998 703 2054 Prolapsus
737 2005 774 2037 et
804 1999 959 2037 retectis
993 1996 1135 2037 oculis:

491 2081 614 2135 Quam
648 2081 783 2137 pulcra
816 2088 908 2120 sunt
938 2082 1108 2121 tentoria
1140 2088 1227 2129 tua,
1264 2094 1286 2120 o
1319 2078 1484 2128 Jacohe‚

485 2165 535 2205 Et
567 2164 831 2205 habitationes
864 2173 974 2213 tuae,
1011 2178 1032 2203 o
1065 2163 1195 2203 Israel.

488 2247 614 2288 Instar
646 2249 878 2288 torrentium
913 2254 1145 2302 exporrecta
1178 2253 1288 2294 sunt,

485 2331 611 2371 Instar
644 2330 851 2370 hortorum
885 2329 934 2370 ad
965 2329 1129 2378 flumen,

486 2415 611 2455 Instar
644 2412 958 2470 agalloehorum,
995 2426 1091 2467 quas
1124 2411 1317 2467 plantavit
1347 2410 1517 2459 ,Jchova‚

486 2498 612 2538 Instar
645 2496 849 2537 cedrorum
876 2496 995 2551 juxta
1028 2509 1162 2550 aquas.

489 2580 695 2621 Prossuent
724 2579 871 2620 fluenta
904 2593 952 2619 ex
986 2578 1068 2632 ejus
1103 2577 1242 2625 situlis,

485 2664 536 2704 Et
568 2678 697 2704 semen
731 2663 814 2717 ejus
847 2663 919 2703 erit
949 2663 989 2701 in
1021 2660 1151 2701 multis
1184 2660 1354 2701 fluentis.

485 2746 558 2787 Vel
591 2746 732 2802 Agago
767 2744 972 2786 sublimior
1005 2746 1078 2785 erit
1108 2758 1178 2784 rex
1211 2744 1307 2798 ejus,

487 2829 537 2869 Et
569 2828 806 2870 exaltabitur
838 2842 999 2885 regnum
1033 2827 1129 2882 ejus.

418 2921 459 2955 [8]
493 2911 600 2952 Deus
633 2912 798 2953 deduxit
830 2926 917 2953 eum
951 2926 1000 2952 ex
1030 2909 1230 2966 Aegypto·
