1867 3301
796 191 895 237 315

99 334 315 373 narrationi
336 334 523 373 insertum
548 330 784 380 continebat,
820 331 859 371 id
882 331 991 387 quod
1016 332 1222 373 verisimile
1245 341 1315 382 est,
1343 332 1422 374 fieri
1446 342 1591 389 potest,

98 424 143 457 ut
182 417 256 456 ista
288 417 455 456 varietas
497 414 695 463 lectionis,
738 414 830 455 dum
873 414 970 456 liber
1003 415 1247 457 Samuelicus
1286 418 1325 456 in
1358 417 1593 472 exemplaria

97 499 265 556 plurima
298 497 613 547 exscribebatur‚
653 500 796 539 sensim
829 500 867 539 in
900 507 1050 540 textum
1084 501 1305 556 irrepserit3
1346 500 1593 541 Psalmorum

99 592 226 624 autem
260 582 459 631 editorem,
496 584 563 638 qui
585 597 699 623 suum
724 583 922 638 exemplar
944 582 1101 624 aliunde
1124 582 1338 632 derivabat,
1371 598 1453 625 non
1476 582 1594 625 fuisse

99 666 292 722 ejusmodi
334 665 670 707 decurtationibus
714 665 946 707 obnoxium.
1006 665 1058 708 Ut
1096 667 1190 708 mihi
1231 666 1388 724 quidem
1424 667 1592 717 videtur,

98 759 237 792 auctor
269 750 328 791 vel
361 749 489 791 editor
520 749 610 791 libri
643 738 850 791 Samuelici
882 749 956 791 suit
988 751 1049 791 ille
1080 749 1261 800 Nathan,
1296 753 1382 807 qui,
1418 759 1462 792 ut
1495 752 1595 792 veri-

98 835 220 876 simile
252 843 322 884 est‚
357 833 501 875 librum
522 833 784 875 Jasharanum
817 834 1055 890 compilavit.
1103 835 1138 876 Is
1171 837 1308 891 utique
1342 849 1391 876 ex
1423 849 1495 876 sua
1527 850 1595 876 an-

97 918 277 975 thologia
315 920 356 959 in
394 918 599 959 historiam
638 919 886 974 transcripsit
925 926 1025 974 quot
1064 917 1138 959 sibi
1172 920 1298 959 visum
1339 927 1441 960 esset
1473 920 1595 960 canti-

99 1002 216 1043 lenas.
263 1001 381 1051 Idem,
415 1010 461 1043 ut
493 1002 699 1043 verisimile
732 1010 802 1051 est,
836 1003 1000 1058 primam
1032 1001 1278 1043 Psalmorum
1312 1001 1594 1045 Davidicorum

99 1086 365 1127 collectionem
405 1085 552 1142 publici
585 1087 687 1142 juris
722 1085 823 1126 fecit.
876 1085 927 1126 Et
959 1100 1081 1142 quum
1113 1101 1193 1127 non
1228 1088 1357 1127 omnia
1389 1086 1595 1128 Jasharani

96 1169 185 1211 libri
219 1172 398 1219 carmina,
434 1184 532 1226 quae
565 1169 614 1211 ad
645 1169 808 1210 Davidis
841 1178 1020 1226 tempora
1050 1172 1300 1226 pertinerent,
1335 1173 1373 1212 in
1406 1170 1595 1212 Davidica

97 1254 263 1295 historia
295 1256 536 1303 inseruisset,
572 1269 670 1311 quae
703 1253 757 1295 ibi
780 1256 977 1295 omisisset
996 1254 1075 1294 huc
1096 1254 1309 1304 transtulit,
1344 1269 1443 1311 quae
1465 1263 1595 1296 autem

98 1337 150 1379 ibi
184 1340 467 1394 exscripsisset‚
502 1338 564 1379 hic
598 1338 813 1380 omittenda
843 1340 1011 1394 putavit.
1060 1338 1118 1379 De
1152 1338 1378 1380 collectione
1412 1347 1449 1381 ct
1472 1341 1595 1396 parti-

97 1423 203 1463 tione
242 1422 490 1463 Psalmorum
540 1422 662 1463 multa
711 1431 822 1471 sunt,
873 1436 972 1478 quae
1018 1424 1058 1463 in
1099 1408 1420 1478 disceptationem
1461 1426 1595 1465 vocari

97 1507 265 1563 possint.
322 1506 465 1547 Totius
514 1508 569 1547 rei
610 1505 876 1564 expediendae
920 1508 1021 1547 ratio
1063 1506 1348 1563 simplicissima
1386 1507 1482 1548 haec
1522 1515 1592 1548 cst.

99 1589 230 1644 Quum
270 1589 319 1630 ad
357 1590 473 1630 finem
512 1590 658 1631 Psalmi
689 1590 835 1632 LXXII
867 1590 1035 1631 addatur
1071 1590 1165 1631 haec
1205 1590 1459 1647 significatio:
1507 1573 1594 1659 fi?

97 1675 258 1743 *pff-32
279 1678 363 1742 ’ἼΨ-’ῐτ
394 1656 580 1724 ΠἾἹἻΞΠ,
617 1674 802 1731 »explicit
821 1674 1055 1716 Psalterium
1079 1673 1242 1715 Davidis
1273 1673 1342 1714 filii
1364 1674 1499 1724 Isaei,«
1532 1690 1595 1716 ra-

98 1760 194 1799 tioni
227 1765 530 1799 consentaneum
565 1767 624 1799 est
655 1757 810 1799 credere
843 1760 1154 1814 antiquissimam
1187 1758 1328 1799 horum
1353 1761 1597 1812 canticorum·

97 1842 276 1898 syllogen
298 1856 379 1882 non
401 1842 568 1898 amplius
590 1844 842 1898 processisse.
882 1841 1044 1891 Deinde,
1071 1856 1192 1898 quum
1213 1850 1308 1883 nota
1331 1841 1593 1885 diStinctionis

96 1927 315 1982 reperiatur
335 1934 428 1982 post
448 1925 646 1967 Psalmum
668 1925 770 1975 XLI,
804 1940 926 1982 quum
958 1927 1110 1982 primus
1143 1925 1205 1966 ille
1226 1925 1474 1968 Psalmorum
1496 1927 1595 1969 liber

98 2009 176 2051 duo
200 2011 397 2051 contineat
419 2012 600 2059 carmina,
633 2009 822 2051 decimum
847 2017 1031 2066 quartum
1054 2018 1092 2051 et
1114 2009 1468 2067 quadragesimum,
1493 2025 1593 2068 quae

96 2093 158 2135 vel
196 2096 236 2134 in
274 2102 360 2135 toto
395 2094 456 2134 vel
495 2095 637 2149 partim
677 2096 717 2134 in
755 2092 927 2134 secundo
960 2092 1061 2134 libro
1094 2102 1329 2150 repetuntur
1366 2120 1412 2124 —
1450 2095 1594 2137 scilicet

95 2177 260 2219 Psalmis
292 2177 374 2218 LIII
406 2185 443 2218 et
474 2177 598 2227 LXX,
629 2203 675 2207 -—
703 2185 849 2219 certum
883 2186 942 2219 est
973 2178 1157 2219 volumen
1190 2180 1403 2219 carminum
1435 2188 1594 2235 septua-

95 2263 205 2319 ginta
244 2261 413 2302 duorum
454 2276 501 2302 ex
543 2261 698 2303 duabus
738 2270 776 2303 et
808 2260 972 2303 diversis
1006 2261 1302 2304 collectionibus
1334 2262 1455 2304 fuisse
1489 2278 1594 2304 com-

96 2353 266 2402 pactum.
316 2345 402 2387 Jam
434 2360 527 2387 vero
561 2345 681 2387 altera
712 2346 924 2387 voluminis
956 2360 1048 2402 pars
1082 2361 1149 2388 eos
1183 2346 1455 2403 complectitur
1482 2347 1593 2388 Psal-

95 2444 181 2471 mos
215 2432 283 2487 qui
315 2429 364 2470 ad
386 2428 548 2471 Davidis
582 2430 786 2471 historiam
819 2444 935 2486 quam
966 2432 1146 2486 proxime
1169 2438 1348 2487 spectant
1374 2455 1420 2461 -
1449 2431 1593 2472 scilicet

97 2528 119 2554 a
148 2513 304 2555 Psalmo
336 2513 385 2555 LI
416 2512 465 2554 ad
495 2513 695 2555 Psalmum
726 2513 884 2556 LXXII.
940 2514 1071 2554 Prima
1103 2513 1198 2555 facie
1230 2516 1352 2571 igitur
1383 2514 1589 2564 concludo,

96 2597 170 2638 hos
192 2597 369 2638 Psalmos
393 2597 440 2638 ab
464 2612 509 2639 eo
534 2598 716 2640 collectos
740 2597 872 2647 fuisse,
907 2599 974 2654 qui
999 2599 1126 2654 primo
1150 2597 1293 2639 librum
1315 2597 1588 2649 Jasharanum,

97 2680 235 2721 deinde
267 2681 472 2722 historiam
504 2681 732 2724 Davidicam
766 2681 898 2723 edidit.
950 2679 1137 2723 Continet
1167 2684 1268 2723 enim
1301 2697 1368 2723 eos
1396 2682 1588 2732 Psalmos,

97 2779 198 2821 quos
238 2763 339 2805 libro
371 2764 589 2807 Jasharano
630 2765 855 2807 referendos
891 2779 1050 2814 censeo,
1093 2780 1194 2822 quos
1227 2774 1354 2807 autem
1388 2765 1485 2807 liber
1518 2765 1590 2807 Sa-

96 2848 283 2890 muelicus
315 2863 397 2890 non
429 2851 618 2905 agnoscit.
666 2849 737 2891 His
770 2848 952 2905 praefixit
983 2858 1122 2890 auctor
1153 2849 1214 2891 ille
1248 2849 1378 2891 decem
1410 2850 1588 2891 Psalmos

97 2932 147 2975 ad
169 2932 396 2975 Solomonis
429 2941 606 2989 tempora
636 2935 888 2990 pertinentes,
923 2947 1024 2989 quos
1055 2933 1113 2975 vel
1147 2935 1231 2992 ipse
1253 2933 1314 2975 vel
1346 2933 1422 2984 alii,
1456 2935 1589 2976 coaevi
