1867 3301
981 176 1082 223 270

287 313 340 369 (v.
366 312 409 369 9)
441 324 634 364 recurrat,
668 315 736 357 ubi
769 331 883 358 nemo
918 315 1097 357 dubitare
1128 325 1261 372 potest
1293 316 1338 358 de
1372 316 1653 374 significatione
1684 331 1775 374 par-

286 402 407 455 ticipii
448 395 572 467 Ρῑὲᾒ,
616 399 725 455 quod
766 400 870 441 valet
911 399 1139 455 »judicans«
1178 402 1202 440 i.
1236 415 1267 441 e.
1301 401 1509 457 princeps.
1573 400 1773 443 Sententia

286 485 406 539 igitur
437 484 532 524 haec
564 491 641 524 est:

530 598 544 611 n
558 579 663 621 Quod
678 578 823 627 judices
840 579 1059 628 judicabant
1080 581 1117 617 in
1138 581 1259 625 Israel,

531 651 636 693 Quod
656 652 814 702 populus
836 653 1079 689 voluntariam
1101 653 1266 689 militiam
1288 651 1475 702 professus
1498 659 1562 697 est,

1037 725 1039 727 ’
1067 724 1228 761 Laudate
1250 724 1466 761 Jel10vam.«

286 815 409 857 Nemo
451 825 578 858 autem
619 816 749 858 adhuc
780 817 897 867 vidit,
939 816 1141 873 quomodo
1182 817 1277 858 haee
1313 819 1504 858 sententia
1537 831 1622 858 cum
1655 818 1776 874 signi-

286 900 465 941 ficatione
505 900 646 941 radicis
680 906 796 968 9124,
839 901 1031 957 quadrare
1064 902 1204 956 possit.
1268 899 1321 941 Ut
1351 900 1446 940 mihi
1479 900 1635 956 quidem
1667 900 1776 941 vide-

289 992 362 1032 tur,
396 985 580 1039 primaria
612 983 734 1037 hujus
769 986 875 1025 vocis
899 984 1129 1041 significatio
1154 992 1231 1024 est:
1265 982 1454 1024 »liberare
1476 998 1498 1023 a
1519 983 1660 1033 malo«,
1693 985 1718 1024 i.
1741 999 1773 1025 e.

287 1064 374 1107 ἀπὸ
406 1068 480 1108 τοῦ
520 1072 604 1112 ἩἾ.
667 1066 844 1108 Verbum
875 1069 997 1123 igitur
1030 1067 1113 1108 vult
1147 1067 1206 1108 vel
1239 1067 1468 1107 »remittere
1491 1081 1699 1122 poenam«
1731 1075 1777 1108 ut

286 1152 326 1191 in
358 1150 536 1192 Ezckiele
558 1120 704 1199 XXIV,
733 1149 805 1192 14:
847 1155 983 1212 ΏἾΞζζ
1016 1133 1109 1195 8¹7:
1150 1150 1210 1191 vel
1242 1149 1487 1190 »concedere
1510 1157 1777 1205 peccatorum

285 1234 595 1288 impunitatem«
629 1242 665 1275 et
698 1234 825 1275 »dare
847 1214 1091 1284 licentiam«,
1126 1232 1230 1274 unde
1262 1236 1381 1279 ῺἾἾΞ
1404 1232 1637 1275 »effrenus«.
1676 1233 1776 1275 Hine

286 1319 415 1358 variae
448 1317 743 1366 translationes,
786 1319 824 1358 in
857 1332 1013 1359 sensum
1045 1317 1225 1366 laxandi,
1268 1315 1466 1365 solvendi,
1507 1316 1705 1366 nudandi,
1739 1325 1777 1358 et

287 1414 386 1456 quae
419 1408 512 1441 sunt
543 1401 693 1441 similia.
754 1400 839 1442 Jam
870 1416 964 1442 vero
992 1400 1140 1456 judex,
1176 1402 1243 1456 qui
1276 1400 1422 1441 dirimit
1452 1400 1575 1450 litem,
1609 1401 1777 1455 imponit

286 1483 489 1532 mulctam,
524 1498 640 1540 quam
674 1498 796 1540 quum
827 1499 918 1525 reus
951 1484 1183 1534 exsolverit,
1218 1483 1265 1525 ab
1289 1485 1373 1526 aliis
1395 1485 1534 1541 poenis
1555 1483 1658 1524 illico
1679 1482 1777 1524 liber

288 1575 357 1608 est.
419 1566 512 1607 Inde
554 1566 689 1608 Graeci
737 1567 1042 1609 satisfactionem
1082 1583 1156 1624 pro
1197 1568 1311 1624 eulpa
1352 1567 1474 1622 δίκην
1513 1565 1773 1623 appellabant,

286 1652 310 1691 i.
335 1665 366 1691 e.
403 1665 507 1691 »rem
539 1650 711 1705 ejusdem
745 1653 899 1706 pretii«.
958 1651 1010 1692 Et
1039 1650 1209 1692 Romani
1242 1666 1330 1692 eum
1363 1653 1430 1707 qui
1463 1649 1632 1691 debitam
1662 1651 1776 1690 satis-

287 1732 492 1775 factionem
534 1735 682 1790 argenti
724 1733 898 1789 pondere
938 1733 1167 1775 aestimabat
1205 1735 1469 1793 ponti-ficem
1507 1731 1775 1789 appellabant3

288 1819 355 1873 qui
387 1825 514 1858 autem
548 1831 691 1873 eorpus
724 1816 914 1872 puniebat
939 1818 1206 1877 carni-ficem.
1255 1813 1410 1886 ming
1432 1818 1554 1874 igitur
1574 1816 1635 1856 vel
1658 1814 1778 1857 Grae-

288 1915 421 1941 corum
456 1899 741 1948 δικασπόλους
762 1901 823 1941 vel
845 1901 1117 1942 Romanorum
1142 1902 1363 1960 pontifices
1393 1903 1433 1941 in
1464 1901 1688 1941 memoriam
1716 1913 1777 1940 re-

288 1992 421 2034 vocat3
445 1986 468 2024 i.
490 1999 521 2025 e.
545 1984 606 2025 vel
622 1984 892 2025 Hebraeorum
914 1981 1099 2044 ΠἾᾭΞῙΖῘ,
1124 1985 1184 2026 vel
1201 1984 1582 2041 Carthaginiensium
1600 1980 1775 2039 SufeteS,

287 2081 385 2123 quae
418 2069 576 2108 nomina
608 2067 657 2108 ad
689 2067 849 2109 eandem
875 2048 1080 2123 judicandi
1111 2070 1313 2109 notionem
1344 2067 1579 2108 referuntur.

406 2166 470 2191 VV.
494 2149 534 2200 4,
559 2149 596 2192 5.
648 2150 766 2203 Quod
797 2151 972 2207 plerique
1006 2166 1139 2192 onmes
1171 2152 1433 2192 recentiorum
1457 2148 1698 2190 arbitrantur
1718 2149 1777 2188 in-

286 2242 501 2289 terpretum
534 2233 714 2274 versibus
749 2243 889 2289 quarto
923 2243 961 2275 et
993 2236 1131 2290 quinto
1166 2234 1331 2275 describi
1364 2220 1776 2275 adventum'Jehovae

288 2317 476 2357 auxilium
504 2325 641 2357 eontra
663 2315 810 2357 Sisram
834 2316 1004 2366 serentis,
1039 2332 1119 2358 eam
1145 2319 1368 2373 opinionem
1392 2317 1526 2358 falsam
1549 2329 1644 2364 esse,
1677 2316 1777 2355 inter

288 2401 361 2441 alia
393 2402 522 2456 arguit
554 2400 662 2441 locus
696 2401 767 2440 iste
798 2400 1007 2455 parallelus
1029 2399 1173 2440 Psalmi
1195 2400 1373 2448 LXVIII,
1399 2399 1437 2448 8,
1463 2398 1501 2441 9.
1555 2397 1666 2439 Unde
1697 2396 1777 2437 col-

287 2484 397 2540 ligas,
431 2486 469 2524 in
503 2492 673 2540 utroque
694 2483 781 2524 loco
804 2482 1005 2540 magnifice
1028 2482 1185 2539 depingi
1207 2481 1410 2523 sublimem
1433 2482 1535 2522 illam
1557 2482 1596 2521 in
1619 2479 1773 2520 deserto

289 2567 609 2624 Theoplianiam‚
645 2581 761 2623 quam
794 2567 856 2607 hie
887 2565 937 2607 ad
968 2565 1102 2607 laudes
1134 2564 1308 2606 Jehovae
1341 2567 1379 2605 in
1411 2579 1550 2621 genere
1576 2562 1776 2620 augendas

286 2652 439 2705 poetria
480 2652 668 2691 citaverit.
730 2650 772 2690 In
814 2665 892 2690 uno
931 2649 1155 2690 Kennieotti
1198 2648 1328 2689 codice
1369 2644 1504 2700 (136)
1545 2646 1775 2688 clausulam:

287 2735 381 2799 ΕἾᾩ
414 2737 526 2799 amo?
565 2736 795 2799 ΠᾞΣΤῙἛᾈ,
839 2734 978 2773 »etiam
1010 2730 1134 2772 nubes
1169 2731 1413 2772 destillarunt
1444 2745 1614 2786 aquas«,
1658 2731 1776 2770 omis-

288 2831 369 2856 sam
402 2830 485 2856 esse
518 2818 748 2857 invenimus.
796 2816 848 2856 Et
879 2830 1000 2872 quum
1033 2816 1126 2856 haec
1155 2814 1273 2855 verba
1304 2815 1390 2855 loco
1413 2813 1557 2854 Psalmi
1590 2811 1774 2869 parallelo

289 2898 436 2948 desint,
469 2901 538 2940 vix
569 2914 782 2956 possumus
814 2914 895 2941 non
926 2897 1177 2948 addubitare,
1212 2912 1261 2939 an
1291 2899 1332 2938 in
1363 2905 1515 2939 textum
1548 2896 1777 2951 irrepserint
