1867 3301
102 352 403 410 designationes.
467 350 645 392 Vocatur
677 351 777 391 enim
810 347 974 391 Esaofus
1007 344 1154 417 (Ἶῗξψ)
1188 350 1212 390 ἰ,
1243 362 1274 389 e.
1300 348 1474 404 pilosus,
1508 347 1592 389 hir-

100 443 223 490 sutus,
251 437 405 477 nomine
427 436 527 491 ipso,
552 442 596 475 ut
619 433 785 483 videtur,
812 432 1020 475 denotante
1043 441 1273 474 montanum
1296 432 1403 473 illum
1425 441 1591 473 tractum

103 519 197 561 δεῖν
229 515 410 571 (Ἶψῖζῖ)
450 521 474 559 i.
508 533 538 559 e.
573 519 756 573 pilosum
795 519 835 558 in
876 518 1052 564 confiniis
1085 517 1308 566 Idumaeae,
1351 518 1419 572 qui
1451 531 1591 557 nomen

101 618 214 644 suum
249 618 269 644 a
301 603 494 660 sylvestri,
528 601 711 656 horrida„
747 610 784 642 et
817 602 1031 643 arboribus
1063 602 1192 643 obsita
1222 602 1400 657 regione,
1443 615 1463 640 a
1495 602 1590 640 mari

100 695 259 728 mortuo
293 686 341 728 ad
368 689 496 728 sinum
518 685 777 727 Aelaniticum
800 693 1000 741 porrecta,
1036 685 1239 726 derivavit.
1277 683 1456 725 Vocatur
1477 686 1591 725 etiam

98 769 288 812 Edomus
320 766 491 831 (Ε’Ἶζζ),
527 771 550 810 i.
577 784 608 811 e.
639 768 771 825 rufus,
791 784 827 809 ·a
851 769 979 809 colore
1004 770 1116 809 istius
1140 776 1265 809 terrae
1287 768 1425 820 rubro,
1450 766 1588 823 fusco,

100 862 137 896 et
167 855 373 911 subnigro,
410 833 488 910 duo
523 868 542 894 a
565 852 801 894 flaventibus
827 854 1088 894 conterminae
1110 851 1280 894 Arabiae
1304 853 1430 892 arenis
1454 851 1591 892 distin-

96 940 242 995 guitur.
305 938 386 979 Has
429 937 709 993 appellationes
752 935 878 978 scriba
909 936 1198 978 Masorethicus
1232 936 1293 976 vel
1329 934 1378 976 ad
1411 937 1588 991 corporis

97 1021 265 1063 indolem
297 1020 416 1063 refert
439 1021 496 1061 vel
522 1021 634 1062 aliam
658 1022 1017 1077 interpretationem
1040 1021 1174 1075 injicit.
1221 1020 1277 1061 Ita
1298 1015 1398 1086 Ityli*
1421 1028 1459 1060 et
1480 1023 1588 1065 ΕἾΝ

95 1107 264 1162 primum
297 1120 341 1146 eo
374 1104 610 1154 referuntur,
646 1103 755 1161 quod
786 1103 889 1145 filius
921 1112 1017 1145 natu
1050 1105 1175 1160 major
1205 1102 1326 1160 rufus
1358 1112 1439 1145 erat
1460 1111 1590 1145 totus-

98 1203 171 1245 que
212 1190 269 1230 uti
309 1189 469 1245 pallium
509 1188 686 1229 hirsutus
726 1184 849 1239 (Gen.
880 1187 1010 1237 XXV,
1044 1183 1137 1240 25).
1201 1186 1351 1228 Deinde
1383 1202 1476 1229 vero
1515 1187 1589 1228 alia

96 1271 253 1314 alterius
286 1274 530 1330 cognominis
563 1271 795 1328 significatio
830 1273 1088 1328 excogitatur,
1123 1280 1160 1312 et
1191 1267 1303 1332 Ε’Ἶζζ
1335 1271 1542 1313 deducitur
1567 1286 1588 1312 a

93 1356 290 1398 rubedine
320 1356 501 1405 lentium,
538 1370 703 1412 quarum
737 1357 898 1396 cortices
923 1363 1015 1396 sunt
1035 1354 1165 1404 rubri,
1201 1336 1293 1412 quia
1313 1371 1386 1412 pro
1411 1356 1476 1397 tali
1499 1355 1586 1397 cibo

93 1439 247 1481 Esavus
280 1442 417 1482 aetatis
450 1441 744 1496 praerogativas
778 1438 1020 1480 vendidisset
1052 1435 1173 1492 (Gen.
1196 1439 1327 1490 XXV,
1354 1436 1445 1493 30).
1505 1438 1585 1480 Has

95 1523 394 1579 explicationes,
439 1525 604 1564 seriores
646 1523 729 1563 illas
763 1523 921 1579 quidem
960 1537 1029 1564 nec
1069 1525 1161 1564 satis
1202 1525 1303 1565 inter
1343 1539 1382 1566 se
1423 1537 1586 1564 consen-

97 1608 253 1657 tientes,
292 1607 438 1648 nullius
471 1609 585 1663 pretii
619 1621 720 1656 esse,
764 1609 894 1662 quivis
927 1606 1081 1648 viderit.
1148 1606 1296 1649 Contra
1329 1609 1586 1648 certissimum

94 1699 152 1732 est
180 1694 279 1758 WB
311 1699 349 1732 et
372 1687 503 1751 Ἶψῐζ]
526 1705 772 1747 synonymos
797 1705 879 1732 esse
903 1690 1106 1747 sylvestris
1128 1690 1332 1732 Idumaeae
1355 1691 1586 1747 descriptio-

92 1789 180 1824 nes,
216 1770 327 1836 Πῆζζ
358 1783 486 1816 autem
519 1774 567 1815 ad
601 1774 728 1815 solum
761 1776 890 1830 ipsum
922 1774 1181 1816 referendum.
1247 1774 1346 1825 Sed,
1385 1777 1425 1815 ni
1456 1774 1582 1823 fallor,

94 1840 352 1899 demonstrari
390 1866 524 1914 potest
562 1856 847 1913 πολυώνυμον
878 1858 986 1900 illum
1018 1858 1292 1900 Idumaeorum
1323 1857 1583 1915 patriarcham

93 1942 205 1983 aliam
245 1956 403 1999 quoque
436 1941 734 1998 appellationem
768 1941 973 1992 habuisse,
1017 1956 1116 1999 quae
1149 1942 1198 1983 ad
1229 1957 1357 1983 mores
1389 1943 1514 1998 ipsius
1547 1949 1585 1982 et

93 2026 194 2066 vitae
226 2027 418 2067 rationem
451 2034 654 2081 spectaret.
701 2025 832 2066 Esavo
859 2028 959 2068 enim
983 2025 1151 2066 declarat
1170 2026 1324 2066 Isaacus
1346 2007 1584 2094 ἣΞἾΠ-ιᾋ]

92 2111 245 2158 ΠἼἾΓἾ,
286 2124 409 2165 super
437 2109 624 2164 yladmm
656 2115 769 2149 tuum
800 2124 926 2162 vwes,
968 2107 1037 2150 ubi
1071 2109 1119 2149 ad
1151 2111 1480 2166 praepositionem
1515 2092 1583 2154 ¹79

93 2191 299 2234 conferunt
321 2191 479 2233 Deuter.
498 2192 602 2241 VIII,
629 2191 674 2234 3.
709 2208 815 2234 »non
847 2208 971 2248 supe?
983 2208 1140 2249 panem
1173 2176 1369 2256 (ΠΠιἿΠ-
1372 2176 1464 2252 ²733)
1497 2201 1583 2234 tan-

92 2284 174 2317 tum
207 2277 314 2317 vivet
345 2275 479 2317 homo.
492 2292 508 2310 (ι
556 2276 622 2318 Ad
653 2291 731 2317 1e1n
765 2276 874 2333 quod
906 2279 1063 2327 attinet,
1098 2276 1195 2318 bene
1226 2256 1367 2319 obserx
1358 2285 1409 2318 at
1429 2277 1583 2318 Rosen-

91 2359 297 2401 miillerus:
344 2375 449 2401 »non
488 2360 564 2401 hoc
603 2368 756 2401 tantum
794 2359 956 2401 indicari
997 2360 1154 2402 videtur
1195 2376 1282 2402 cum
1323 2360 1397 2402 sibi
1436 2363 1581 2402 victum

90 2452 319 2499 paraturum
353 2443 504 2500 gladio,
548 2446 684 2494 armis,
729 2443 852 2494 bello,
895 2452 964 2485 aut
994 2446 1223 2494 vexatione,
1259 2453 1326 2486 aut
1356 2444 1501 2500 praeda
1532 2443 1579 2485 ab

90 2526 274 2568 hostibus
306 2535 437 2584 parta,
473 2526 541 2569 sed
574 2541 695 2585 quum
728 2530 762 2568 ei
795 2527 952 2569 assidua
981 2527 1083 2569 bella
1105 2529 1183 2569 sint
1205 2543 1290 2568 cum
1314 2527 1398 2568 aliis
1420 2527 1580 2584 populis

90 2608 244 2660 sutura,
284 2613 412 2667 ipsum
445 2626 555 2653 suam
588 2614 705 2652 vitam
739 2610 786 2652 ab
819 2612 893 2652 illis
926 2612 1056 2668 gladio
1091 2626 1163 2653 suo
1197 2619 1450 2653 asserturum.
1515 2610 1580 2652 Sic

92 2695 204 2734 etiam
227 2693 425 2751 Josephus
450 2692 510 2749 (B.
534 2695 568 2736 J.
591 2695 657 2745 IV,
683 2710 713 2735 c.
737 2692 805 2748 15)
838 2694 1041 2736 Idumaeae
1073 2697 1200 2752 gentis
1233 2694 1403 2736 indolem
1436 2694 1580 2736 descri-

90 2776 168 2818 bit:
201 2777 454 2830 θορυβῶδες
485 2781 555 2818 καὶ
587 2775 775 2820 ἄτακτον
807 2776 959 2828 ἔθνος,
993 2775 1060 2819 ἇεί
1080 2794 1125 2819 τε
1154 2779 1366 2834 μετέωρον
1397 2775 1504 2833 πρὸς
1526 2775 1579 2819 τὰ

91 2860 302 2916 κινήματα
342 2862 414 2900 καὶ
449 2860 706 2915 μεταβολαῖς
739 2868 912 2916 χαῖρον,
955 2858 1062 2916 πρὸς
1093 2858 1241 2916 ὀλίγην
1273 2861 1321 2903 δὲ
1352 2861 1579 2904 κολάκειαν

91 2943 176 2986 τῶν
217 2943 431 2997 δεομένων
468 2942 522 2985 τοὶ
563 2943 676 2986 ὅπλα
708 2948 873 2995 κίνουν,
916 2947 985 2986 καὶ
1018 2943 1221 3000 καθάπερ
1254 2945 1312 2995 εἷς
1343 2942 1491 3001 ἑορτὴν
1521 2945 1580 2993 εἷς
