1867 3301
120 341 239 397 hujus
271 340 359 382 libri
384 336 529 393 (XV1L
553 335 622 392 18)
653 338 722 380 ubi
744 339 1005 381 Israelitarum
1027 340 1108 396 regi
1132 341 1372 396 praecipitur
1394 348 1439 380 ut
1462 354 1619 381 »exem-

120 424 228 481 plum
268 424 388 480 hujus
426 424 547 480 legis«
590 420 749 482 (Πθξτζῖ
792 418 960 491 37]an
1002 420 1274 475 mlum-HN)
1319 422 1619 464 describendum

122 516 247 558 curet,
289 507 336 548 ab
376 507 648 564 autographo,
693 507 801 564 quod
834 507 1056 549 sacerdotes
1090 515 1350 548 asservarent.
1415 505 1620 563 Significat

122 594 241 649 igitur
273 606 355 632 vox
384 591 755 633 Denter-ommium
795 592 892 632 nihil
933 591 1040 632 aliud
1079 605 1195 647 quam
1239 591 1464 647 »exemplar
1501 605 1619 632 mauu

123 678 418 732 transscriptum
452 675 553 716 illius
586 675 695 732 legis,
735 690 852 732 quam
883 684 1071 731 tanquam
1105 675 1362 731 archetypum
1395 674 1617 716 sacerdotes

121 762 159 801 in
193 759 336 816 templo
369 757 622 800 tuebantur.«
670 759 721 800 Et
752 759 828 800 11οο
858 767 1111 816 praeceptum
1144 774 1224 800 non
1259 768 1346 800 ante
1368 758 1499 800 Josiae
1523 767 1619 800 tem-

119 859 229 901 pora,
265 858 387 900 quum
412 843 509 884 liber
530 844 625 900 legis
649 842 777 885 denuo
801 845 987 892 innotuit,
1023 842 1198 883 additum
1221 851 1334 899 puto.
1386 841 1618 899 Quicunque

120 937 247 970 autem
281 927 388 969 istud
409 936 660 985 pracceptum
683 929 987 984 excogitaverit,
1022 941 1135 968 nemo
1161 926 1368 968 crediderit
1389 941 1476 968 eum
1500 926 1616 967 ullam

121 1012 233 1054 aliam
264 1012 360 1069 legis
382 1011 579 1054 Mosaicae
612 1014 884 1053 auctoritatem
918 1013 1146 1068 agnovisse,
1180 1020 1335 1067 praeter
1366 1010 1463 1052 illud
1497 1009 1619 1052 docu-

120 1105 313 1147 mentum,
350 1096 458 1153 quod
490 1104 597 1137 tanta
630 1091 736 1137 cura'
754 1103 1016 1145 asservatun·1‚
1051 1104 1160 1137 tanta
1187 1095 1259 1138 [ide
1286 1095 1524 1151 descriptum
1546 1109 1618 1136 vo-

122 1182 193 1222 luit
225 1178 296 1233 (cs.
327 1180 444 1223 Deut.
471 1180 629 1229 XXXI,
660 1176 872 1232 24-26).
936 1180 1001 1221 1110
1034 1181 1116 1236 ipse
1150 1182 1218 1237 qui
1249 1179 1615 1228 Deuteronomium,

121 1265 233 1322 quale
266 1264 315 1306 ad
347 1280 420 1306 nos
452 1266 644 1321 pervenit,
681 1264 918 1320 compilavit,
953 1263 1260 1320 que111Hilkia1n
1293 1263 1413 1305 fuisse
1436 1265 1618 1320 suspicor

120 1346 162 1402 (2
184 1349 281 1405 Reg.
304 1348 436 1397 XXII,
462 1346 526 1401 8),
568 1350 728 1390 unicum
770 1348 874 1389 hunc
907 1356 944 1388 et
975 1349 1248 1404 incorruptum
1282 1347 1430 1390 sontem
1464 1346 1618 1390 divinae

119 1434 377 1475 institutionis
413 1432 713 1474 commendavit.
762 1432 833 1474 Ait
864 1434 983 1482 enim,
1019 1432 1092 1473 sub
1126 1447 1296 1488 persona
1320 1432 1458 1482 Mosis,
1494 1433 1618 1474 »nihil

119 1517 248 1559 addite
281 1519 340 1567 iis,
375 1532 473 1574 quae
497 1516 611 1559 vobis
643 1518 855 1574 praecipio,
890 1531 959 1558 nec
992 1516 1207 1573 quidquam
1240 1518 1286 1558 iis
1310 1516 1515 1567 detrahite,
1549 1516 1619 1559 sed

120 1602 342 1659 diligentem
370 1616 528 1658 operam
561 1609 701 1643 navate
731 1600 884 1658 legibus
907 1600 1080 1642 Jehovae
1102 1600 1174 1643 Dei
1198 1603 1336 1651 vestri,
1373 1616 1470 1658 quas
1501 1601 1616 1643 vobis

112 1687 194 1743 jam
227 1701 450 1743 exponam«
485 1683 619 1739 (Deut.
641 1685 708 1736 IV,
735 1683 791 1739 2).
839 1685 1034 1742 Equidem
1067 1700 1147 1726 non
1169 1685 1313 1727 infitias
1336 1687 1472 1727 iverim
1495 1686 1618 1728 multa

118 1786 200 1813 esse
232 1773 272 1812 in
304 1770 497 1812 hodierno
520 1769 846 1820 Deuteronomio,
883 1785 981 1827 quae
1015 1772 1202 1811 seriorem
1233 1785 1391 1812 manum
1422 1770 1615 1827 prodant3

117 1854 307 1897 nonnulla
339 1869 422 1896 esse
452 1856 493 1896 in
514 1854 672 1905 Exodo,
708 1869 807 1911 quae
841 1854 890 1895 ad
922 1856 1195 1911 antiquissima
1216 1863 1395 1910 tempora
1415 1853 1617 1897 referenda

118 1941 215 1989 sint,
249 1940 476 1995 praesertim
509 1938 606 1980 illud
637 1939 879 1995 Epinicium,
915 1937 1025 1994 quod
1058 1937 1107 1978 ad
1131 1937 1387 1980 Jasharanam
1420 1939 1616 1981 collectio-

117 2038 203 2065 nem
237 2022 455 2064 amandavi.
521 2021 601 2064 Sed
633 2024 667 2064 si
699 2021 748 2063 ad
779 2022 1020 2079 Deealogum
1053 2030 1294 2079 spectamus,
1341 2025 1408 2080 qui
1440 2025 1614 2066 intimam

117 2108 212 2164 legis
244 2107 441 2148 Mosaicae
480 2105 689 2147 medullam
730 2108 922 2156 continet,
965 2108 1089 2148 ausim
1123 2106 1314 2149 affirmare
1347 2108 1498 2149 nullum
1531 2122 1615 2150 esse

118 2191 428 2248 autographum,
463 2192 538 2231 nisi
570 2190 667 2232 illud
701 2190 810 2247 quod
841 2192 881 2232 in
907 2193 1031 2247 capite
1055 2193 1192 2248 quinto
1216 2191 1514 2234 Deuteronomii
1534 2207 1615 2234 me-

118 2277 262 2318 moriae
292 2274 472 2324 traditur,
507 2274 665 2316 alteram
694 2283 822 2316 autem
844 2277 1077 2326 versionem,
1111 2290 1228 2332 quam
1249 2276 1417 2318 Exodus
1440 2276 1611 2327 exhibet,

117 2361 360 2416 inquinatam
399 2374 481 2400 esse
523 2368 639 2416 atquc
680 2359 955 2416 interpolatam
988 2374 1010 2400 a
1040 2360 1317 2402 Masorcthicis
1350 2361 1613 2418 Leviticisque

117 2444 266 2494 scribis,
302 2446 370 2500 qui
401 2458 544 2485 novam
578 2445 786 2500 septenarii
819 2442 983 2485 Sabbati
1016 2446 1207 2486 rationem
1241 2444 1486 2486 effluxerant.

233 2528 408 2569 Primum
447 2530 547 2570 enim
587 2543 782 2585 nusquam
815 2528 946 2570 Exodi
980 2528 1222 2585 significatur
1254 2528 1384 2571 decem
1416 2528 1610 2580 mandata,

118 2612 247 2668 qualia
285 2614 325 2653 in
366 2614 490 2669 capite
524 2615 706 2654 vicesimo
749 2611 1004 2661 exhibentur,
1047 2627 1089 2653 ea
1130 2614 1214 2668 ipsa
1248 2611 1367 2653 verba
1399 2616 1610 2664 continere,

119 2710 217 2752 quae
258 2695 364 2737 Deus
408 2696 552 2737 >tabulis
598 2697 760 2753 lapideis
805 2696 865 2738 his
914 2695 1169 2752 insculpenda
1215 2699 1410 2738 curaverit
1456 2694 1610 2751 (Exod.

117 2778 290 2829 XXXII,
319 2778 369 2820 15
394 2794 480 2837 sqq.
519 2779 707 2831 XXXIV,
736 2778 789 2835 1).
853 2780 908 2822 At
941 2783 1041 2821 enim
1075 2795 1186 2829 ver0,
1231 2780 1278 2821 de
1310 2779 1495 2838 decalogo
1530 2782 1608 2831 illo,

119 2865 186 2920 qui
226 2865 266 2904 in
307 2865 430 2920 capite
464 2866 601 2921 quinto
635 2865 933 2907 Deuteronoinii
966 2864 1155 2914 traditur,
1199 2864 1340 2906 diserte
1373 2864 1609 2906 declaratur:

120 2946 240 2989 »haee
261 2946 379 2990 verba
411 2947 567 2991 locutus
601 2957 659 2992 est
680 2949 832 2992 Jehova
865 2949 913 2991 ad
947 2964 1098 2990 omnem
1131 2948 1419 2992 multitudinem
1441 2957 1610 2991 vestram
