<?xml version="1.0" encoding="UTF-8"?>
<!DOCTYPE html PUBLIC "-//W3C//DTD XHTML 1.0 Transitional//EN"
    "http://www.w3.org/TR/xhtml1/DTD/xhtml1-transitional.dtd">
<html xmlns="http://www.w3.org/1999/xhtml" xml:lang="en" lang="en">
 <head>
  <title>
</title>
<meta http-equiv="Content-Type" content="text/html;charset=utf-8" />
  <meta name='ocr-system' content='tesseract 3.04.00' />
  <meta name='ocr-capabilities' content='ocr_page ocr_carea ocr_par ocr_line ocrx_word'/>
</head>
<body>
  <div class='ocr_page' id='page_1' title='image "./jasharfragmentaa00dona_0191.png"; bbox 0 0 1867 3301; ppageno 0'>
   <div class='ocr_carea' id='block_1_1' title="bbox 769 194 951 265">
    <p class='ocr_par' dir='ltr' id='par_1_1' title="bbox 769 194 951 265">
     <span class='ocr_line' id='line_1_1' title="bbox 769 194 951 265; baseline 0.005 -1"><span class='ocrx_word' id='word_1_1' title='bbox 769 194 951 265; x_wconf 19' lang='lat' dir='ltr'>„nl-1?</span> 
     </span>
    </p>
   </div>
   <div class='ocr_carea' id='block_1_2' title="bbox 121 334 1647 2908">
    <p class='ocr_par' dir='ltr' id='par_1_2' title="bbox 151 334 1647 559">
     <span class='ocr_line' id='line_1_2' title="bbox 153 334 1647 402; baseline 0.004 -27"><span class='ocrx_word' id='word_1_2' title='bbox 153 334 201 375; x_wconf 90' lang='lat' dir='ltr'>ad</span> <span class='ocrx_word' id='word_1_3' title='bbox 234 336 342 375; x_wconf 84' lang='lat' dir='ltr'>vocis</span> <span class='ocrx_word' id='word_1_4' title='bbox 375 338 469 402; x_wconf 47' lang='grc' dir='ltr'>ἾᾈΓΥἹ</span> <span class='ocrx_word' id='word_1_5' title='bbox 501 334 837 391; x_wconf 80' lang='lat' dir='ltr'>significationem.</span> <span class='ocrx_word' id='word_1_6' title='bbox 891 334 985 376; x_wconf 87' lang='lat' dir='ltr'>Utut</span> <span class='ocrx_word' id='word_1_7' title='bbox 1018 335 1111 376; x_wconf 83' lang='lat' dir='ltr'>haec</span> <span class='ocrx_word' id='word_1_8' title='bbox 1144 350 1183 377; x_wconf 86' lang='lat' dir='ltr'>se</span> <span class='ocrx_word' id='word_1_9' title='bbox 1217 351 1277 377; x_wconf 82' lang='lat' dir='ltr'>res</span> <span class='ocrx_word' id='word_1_10' title='bbox 1311 337 1471 388; x_wconf 75' lang='lat' dir='ltr'>habeat,</span> <span class='ocrx_word' id='word_1_11' title='bbox 1506 354 1647 382; x_wconf 88' lang='lat' dir='ltr'>nomen</span> 
     </span>
     <span class='ocr_line' id='line_1_3' title="bbox 152 416 1647 475; baseline 0.004 -16"><span class='ocrx_word' id='word_1_12' title='bbox 152 419 330 468; x_wconf 85' lang='lat' dir='ltr'>ancillae,</span> <span class='ocrx_word' id='word_1_13' title='bbox 376 426 419 459; x_wconf 90' lang='lat' dir='ltr'>ut</span> <span class='ocrx_word' id='word_1_14' title='bbox 458 433 543 458; x_wconf 90' lang='lat' dir='ltr'>cum</span> <span class='ocrx_word' id='word_1_15' title='bbox 577 417 777 474; x_wconf 79' lang='lat' dir='ltr'>Apostolo</span> <span class='ocrx_word' id='word_1_16' title='bbox 820 418 979 474; x_wconf 89' lang='lat' dir='ltr'>loquar,</span> <span class='ocrx_word' id='word_1_17' title='bbox 1024 417 1136 461; x_wconf 72' lang='grc' dir='ltr'><em>ἐστὶν</em></span> <span class='ocrx_word' id='word_1_18' title='bbox 1173 416 1565 475; x_wconf 68' lang='grc' dir='ltr'><em>ἅλληγορούμενον,</em></span> <span class='ocrx_word' id='word_1_19' title='bbox 1610 432 1647 466; x_wconf 91' lang='lat' dir='ltr'>et</span> 
     </span>
     <span class='ocr_line' id='line_1_4' title="bbox 151 501 1274 559; baseline 0.003 -17"><span class='ocrx_word' id='word_1_20' title='bbox 151 511 301 559; x_wconf 86' lang='lat' dir='ltr'>spectat</span> <span class='ocrx_word' id='word_1_21' title='bbox 332 501 382 542; x_wconf 86' lang='lat' dir='ltr'>ad</span> <span class='ocrx_word' id='word_1_22' title='bbox 413 501 762 558; x_wconf 82' lang='lat' dir='ltr'>ethnographicam</span> <span class='ocrx_word' id='word_1_23' title='bbox 794 504 1031 544; x_wconf 76' lang='lat' dir='ltr'>narrationis</span> <span class='ocrx_word' id='word_1_24' title='bbox 1065 506 1274 545; x_wconf 75' lang='lat' dir='ltr'>materiem.</span> 
     </span>
    </p>

    <p class='ocr_par' dir='ltr' id='par_1_3' title="bbox 137 584 1646 1565">
     <span class='ocr_line' id='line_1_5' title="bbox 267 584 1646 645; baseline 0.004 -19"><span class='ocrx_word' id='word_1_25' title='bbox 267 584 419 627; x_wconf 80' lang='lat' dir='ltr'>Nomen</span> <span class='ocrx_word' id='word_1_26' title='bbox 450 585 538 634; x_wconf 88' lang='lat' dir='ltr'>filii,</span> <span class='ocrx_word' id='word_1_27' title='bbox 574 599 688 641; x_wconf 85' lang='lat' dir='ltr'>quem</span> <span class='ocrx_word' id='word_1_28' title='bbox 710 585 843 642; x_wconf 79' lang='lat' dir='ltr'>Hagar</span> <span class='ocrx_word' id='word_1_29' title='bbox 874 588 1071 642; x_wconf 77' lang='lat' dir='ltr'>peperisse</span> <span class='ocrx_word' id='word_1_30' title='bbox 1103 587 1257 637; x_wconf 87' lang='lat' dir='ltr'>dicitur,</span> <span class='ocrx_word' id='word_1_31' title='bbox 1292 590 1504 645; x_wconf 79' lang='lat' dir='ltr'>simplicem</span> <span class='ocrx_word' id='word_1_32' title='bbox 1527 590 1646 632; x_wconf 87' lang='lat' dir='ltr'>habet</span> 
     </span>
     <span class='ocr_line' id='line_1_6' title="bbox 147 654 1646 740; baseline 0.003 -29"><span class='ocrx_word' id='word_1_33' title='bbox 147 672 187 712; x_wconf 87' lang='lat' dir='ltr'>in</span> <span class='ocrx_word' id='word_1_34' title='bbox 224 670 359 726; x_wconf 78' lang='lat' dir='ltr'>lingua</span> <span class='ocrx_word' id='word_1_35' title='bbox 390 668 582 710; x_wconf 83' lang='lat' dir='ltr'>Hebraica</span> <span class='ocrx_word' id='word_1_36' title='bbox 621 670 995 724; x_wconf 82' lang='lat' dir='ltr'>interprctationem.</span> <span class='ocrx_word' id='word_1_37' title='bbox 1059 669 1158 711; x_wconf 88' lang='lat' dir='ltr'>Nam</span> <span class='ocrx_word' id='word_1_38' title='bbox 1197 654 1413 740; x_wconf 53' lang='grc' dir='ltr'>ῘἿΝῊΤΞΨἻ</span> <span class='ocrx_word' id='word_1_39' title='bbox 1451 674 1646 730; x_wconf 80' lang='lat' dir='ltr'>significat</span> 
     </span>
     <span class='ocr_line' id='line_1_7' title="bbox 147 752 1643 810; baseline 0.003 -16"><span class='ocrx_word' id='word_1_40' title='bbox 147 768 266 810; x_wconf 77' lang='lat' dir='ltr'>quem</span> <span class='ocrx_word' id='word_1_41' title='bbox 295 752 414 795; x_wconf 77' lang='lat' dir='ltr'>Deus</span> <span class='ocrx_word' id='word_1_42' title='bbox 446 752 632 805; x_wconf 69' lang='lat' dir='ltr'>exaudit,</span> <span class='ocrx_word' id='word_1_43' title='bbox 677 752 843 802; x_wconf 86' lang='lat' dir='ltr'>scilicet,</span> <span class='ocrx_word' id='word_1_44' title='bbox 886 755 917 793; x_wconf 88' lang='lat' dir='ltr'>si</span> <span class='ocrx_word' id='word_1_45' title='bbox 949 754 1254 795; x_wconf 86' lang='lat' dir='ltr'>Masorethicam</span> <span class='ocrx_word' id='word_1_46' title='bbox 1286 759 1551 798; x_wconf 81' lang='lat' dir='ltr'>narratIOnem</span> <span class='ocrx_word' id='word_1_47' title='bbox 1583 772 1643 799; x_wconf 87' lang='lat' dir='ltr'>se-</span> 
     </span>
     <span class='ocr_line' id='line_1_8' title="bbox 147 833 1640 897; baseline 0.003 -19"><span class='ocrx_word' id='word_1_48' title='bbox 147 839 304 894; x_wconf 87' lang='lat' dir='ltr'>quimur</span> <span class='ocrx_word' id='word_1_49' title='bbox 338 833 451 889; x_wconf 84' lang='lat' dir='ltr'>(Gen.</span> <span class='ocrx_word' id='word_1_50' title='bbox 480 835 596 885; x_wconf 84' lang='lat' dir='ltr'>XVI,</span> <span class='ocrx_word' id='word_1_51' title='bbox 625 833 714 889; x_wconf 82' lang='lat'>11),</span> <span class='ocrx_word' id='word_1_52' title='bbox 758 836 863 877; x_wconf 87' lang='lat' dir='ltr'>Deus</span> <span class='ocrx_word' id='word_1_53' title='bbox 906 836 1058 878; x_wconf 84' lang='lat' dir='ltr'>audivit</span> <span class='ocrx_word' id='word_1_54' title='bbox 1091 838 1266 894; x_wconf 83' lang='lat' dir='ltr'>querelas</span> <span class='ocrx_word' id='word_1_55' title='bbox 1307 848 1343 880; x_wconf 87' lang='lat' dir='ltr'>et</span> <span class='ocrx_word' id='word_1_56' title='bbox 1374 855 1509 896; x_wconf 86' lang='lat' dir='ltr'>preces</span> <span class='ocrx_word' id='word_1_57' title='bbox 1543 856 1640 897; x_wconf 87' lang='lat' dir='ltr'>quas</span> 
     </span>
     <span class='ocr_line' id='line_1_9' title="bbox 142 920 1641 978; baseline 0.003 -16"><span class='ocrx_word' id='word_1_58' title='bbox 142 921 272 978; x_wconf 79' lang='lat' dir='ltr'>pellex</span> <span class='ocrx_word' id='word_1_59' title='bbox 295 920 494 977; x_wconf 80' lang='lat' dir='ltr'>Aegyptia</span> <span class='ocrx_word' id='word_1_60' title='bbox 526 921 565 960; x_wconf 90' lang='lat' dir='ltr'>in</span> <span class='ocrx_word' id='word_1_61' title='bbox 598 933 751 960; x_wconf 90' lang='lat' dir='ltr'>summo</span> <span class='ocrx_word' id='word_1_62' title='bbox 786 920 923 962; x_wconf 89' lang='lat' dir='ltr'>dolore</span> <span class='ocrx_word' id='word_1_63' title='bbox 956 920 1104 962; x_wconf 87' lang='lat' dir='ltr'>effudit.</span> <span class='ocrx_word' id='word_1_64' title='bbox 1156 921 1275 976; x_wconf 78' lang='lat' dir='ltr'>Quod</span> <span class='ocrx_word' id='word_1_65' title='bbox 1307 925 1339 964; x_wconf 81' lang='lat' dir='ltr'>si</span> <span class='ocrx_word' id='word_1_66' title='bbox 1372 924 1565 975; x_wconf 85' lang='lat' dir='ltr'>concedis,</span> <span class='ocrx_word' id='word_1_67' title='bbox 1600 925 1641 966; x_wconf 88' lang='lat' dir='ltr'>id</span> 
     </span>
     <span class='ocr_line' id='line_1_10' title="bbox 143 1002 1640 1066; baseline 0.003 -20"><span class='ocrx_word' id='word_1_68' title='bbox 143 1004 253 1062; x_wconf 88' lang='lat' dir='ltr'>quod</span> <span class='ocrx_word' id='word_1_69' title='bbox 293 1019 413 1060; x_wconf 89' lang='lat' dir='ltr'>supra</span> <span class='ocrx_word' id='word_1_70' title='bbox 448 1002 621 1053; x_wconf 87' lang='lat' dir='ltr'>ostendi,</span> <span class='ocrx_word' id='word_1_71' title='bbox 662 1005 867 1045; x_wconf 79' lang='lat' dir='ltr'>arctiorem</span> <span class='ocrx_word' id='word_1_72' title='bbox 900 1004 1219 1048; x_wconf 81' lang='lat' dir='ltr'>Jehovicolarum</span> <span class='ocrx_word' id='word_1_73' title='bbox 1253 1006 1434 1049; x_wconf 84' lang='lat' dir='ltr'>familiam</span> <span class='ocrx_word' id='word_1_74' title='bbox 1469 1009 1640 1066; x_wconf 83' lang='lat' dir='ltr'>appella-</span> 
     </span>
     <span class='ocr_line' id='line_1_11' title="bbox 144 1086 1643 1149; baseline 0.003 -19"><span class='ocrx_word' id='word_1_75' title='bbox 144 1097 219 1130; x_wconf 88' lang='lat' dir='ltr'>tam</span> <span class='ocrx_word' id='word_1_76' title='bbox 259 1087 379 1130; x_wconf 88' lang='lat' dir='ltr'>fuisse</span> <span class='ocrx_word' id='word_1_77' title='bbox 410 1086 570 1129; x_wconf 76' lang='lat' dir='ltr'>Hah-el</span> <span class='ocrx_word' id='word_1_78' title='bbox 605 1089 629 1128; x_wconf 91' lang='lat' dir='ltr'>i.</span> <span class='ocrx_word' id='word_1_79' title='bbox 662 1102 693 1128; x_wconf 88' lang='lat' dir='ltr'>c.</span> <span class='ocrx_word' id='word_1_80' title='bbox 728 1102 828 1144; x_wconf 76' lang='lat' dir='ltr'>quos</span> <span class='ocrx_word' id='word_1_81' title='bbox 858 1088 976 1130; x_wconf 62' lang='lat' dir='ltr'>Deus</span> <span class='ocrx_word' id='word_1_82' title='bbox 1008 1089 1159 1145; x_wconf 66' lang='lat' dir='ltr'>diliqz‘t,</span> <span class='ocrx_word' id='word_1_83' title='bbox 1202 1092 1273 1147; x_wconf 70' lang='lat' dir='ltr'>qua·</span> <span class='ocrx_word' id='word_1_84' title='bbox 1301 1092 1396 1134; x_wconf 83' lang='lat' dir='ltr'>Deo</span> <span class='ocrx_word' id='word_1_85' title='bbox 1426 1099 1571 1149; x_wconf 71' lang='lat' dir='ltr'>yratas</span> <span class='ocrx_word' id='word_1_86' title='bbox 1603 1100 1643 1136; x_wconf 77' lang='lat' dir='ltr'>ec</span> 
     </span>
     <span class='ocr_line' id='line_1_12' title="bbox 141 1172 1638 1229; baseline 0.002 -15"><span class='ocrx_word' id='word_1_87' title='bbox 141 1179 328 1229; x_wconf 75' lang='lat' dir='ltr'>acceptas</span> <span class='ocrx_word' id='word_1_88' title='bbox 365 1172 588 1213; x_wconf 75' lang='lat' dir='ltr'>oblationes</span> <span class='ocrx_word' id='word_1_89' title='bbox 612 1178 849 1227; x_wconf 73' lang='lat' dir='ltr'>praestant,</span> <span class='ocrx_word' id='word_1_90' title='bbox 895 1172 1026 1214; x_wconf 83' lang='lat' dir='ltr'>credes</span> <span class='ocrx_word' id='word_1_91' title='bbox 1061 1175 1204 1229; x_wconf 83' lang='lat' dir='ltr'>opinor</span> <span class='ocrx_word' id='word_1_92' title='bbox 1236 1175 1400 1216; x_wconf 88' lang='lat' dir='ltr'>alterum</span> <span class='ocrx_word' id='word_1_93' title='bbox 1433 1178 1547 1219; x_wconf 84' lang='lat' dir='ltr'>istius</span> <span class='ocrx_word' id='word_1_94' title='bbox 1579 1177 1638 1218; x_wconf 88' lang='lat' dir='ltr'>fa-</span> 
     </span>
     <span class='ocr_line' id='line_1_13' title="bbox 141 1256 1637 1317; baseline 0.003 -20"><span class='ocrx_word' id='word_1_95' title='bbox 141 1257 264 1311; x_wconf 81' lang='lat' dir='ltr'>mjliae</span> <span class='ocrx_word' id='word_1_96' title='bbox 295 1270 467 1305; x_wconf 88' lang='lat' dir='ltr'>ramum,</span> <span class='ocrx_word' id='word_1_97' title='bbox 504 1257 571 1311; x_wconf 86' lang='lat' dir='ltr'>qui</span> <span class='ocrx_word' id='word_1_98' title='bbox 605 1257 910 1296; x_wconf 80' lang='lat' dir='ltr'>circumcisionis</span> <span class='ocrx_word' id='word_1_99' title='bbox 936 1258 1015 1297; x_wconf 89' lang='lat' dir='ltr'>ritu</span> <span class='ocrx_word' id='word_1_100' title='bbox 1039 1256 1252 1299; x_wconf 87' lang='lat' dir='ltr'>obstrictus</span> <span class='ocrx_word' id='word_1_101' title='bbox 1276 1268 1354 1310; x_wconf 85' lang='lat' dir='ltr'>est,</span> <span class='ocrx_word' id='word_1_102' title='bbox 1389 1268 1506 1317; x_wconf 88' lang='lat' dir='ltr'>atque</span> <span class='ocrx_word' id='word_1_103' title='bbox 1527 1261 1637 1303; x_wconf 83' lang='lat' dir='ltr'>haud</span> 
     </span>
     <span class='ocr_line' id='line_1_14' title="bbox 138 1339 1635 1401; baseline 0.003 -20"><span class='ocrx_word' id='word_1_104' title='bbox 138 1342 191 1382; x_wconf 88' lang='lat' dir='ltr'>ita</span> <span class='ocrx_word' id='word_1_105' title='bbox 221 1340 338 1396; x_wconf 80' lang='lat' dir='ltr'>longe</span> <span class='ocrx_word' id='word_1_106' title='bbox 371 1354 393 1380; x_wconf 89' lang='lat' dir='ltr'>a</span> <span class='ocrx_word' id='word_1_107' title='bbox 428 1354 519 1380; x_wconf 87' lang='lat' dir='ltr'>vcro</span> <span class='ocrx_word' id='word_1_108' title='bbox 544 1339 615 1380; x_wconf 89' lang='lat' dir='ltr'>Dei</span> <span class='ocrx_word' id='word_1_109' title='bbox 647 1339 774 1389; x_wconf 89' lang='lat' dir='ltr'>cultu,</span> <span class='ocrx_word' id='word_1_110' title='bbox 808 1342 1038 1396; x_wconf 87' lang='lat' dir='ltr'>praesertim</span> <span class='ocrx_word' id='word_1_111' title='bbox 1070 1343 1110 1382; x_wconf 89' lang='lat' dir='ltr'>in</span> <span class='ocrx_word' id='word_1_112' title='bbox 1144 1342 1348 1384; x_wconf 84' lang='lat' dir='ltr'>cunabulis</span> <span class='ocrx_word' id='word_1_113' title='bbox 1380 1346 1519 1401; x_wconf 83' lang='lat' dir='ltr'>gentis,</span> <span class='ocrx_word' id='word_1_114' title='bbox 1556 1345 1635 1386; x_wconf 86' lang='lat' dir='ltr'>dis-</span> 
     </span>
     <span class='ocr_line' id='line_1_15' title="bbox 138 1422 1630 1483; baseline 0.004 -18"><span class='ocrx_word' id='word_1_115' title='bbox 138 1431 325 1474; x_wconf 85' lang='lat' dir='ltr'>cesserat,</span> <span class='ocrx_word' id='word_1_116' title='bbox 360 1422 503 1465; x_wconf 87' lang='lat' dir='ltr'>habere</span> <span class='ocrx_word' id='word_1_117' title='bbox 531 1425 710 1479; x_wconf 88' lang='lat' dir='ltr'>potuisse</span> <span class='ocrx_word' id='word_1_118' title='bbox 741 1432 947 1480; x_wconf 80' lang='lat' dir='ltr'>cognatam</span> <span class='ocrx_word' id='word_1_119' title='bbox 979 1425 1279 1481; x_wconf 77' lang='lat' dir='ltr'>appellationem</span> <span class='ocrx_word' id='word_1_120' title='bbox 1306 1427 1516 1483; x_wconf 70' lang='lat' dir='ltr'>lewna-el,</span> <span class='ocrx_word' id='word_1_121' title='bbox 1549 1431 1574 1470; x_wconf 90' lang='lat' dir='ltr'>i.</span> <span class='ocrx_word' id='word_1_122' title='bbox 1599 1445 1630 1471; x_wconf 86' lang='lat' dir='ltr'>e.</span> 
     </span>
     <span class='ocr_line' id='line_1_16' title="bbox 137 1507 1295 1565; baseline 0.003 -16"><span class='ocrx_word' id='word_1_123' title='bbox 137 1523 237 1565; x_wconf 77' lang='lat' dir='ltr'>quos</span> <span class='ocrx_word' id='word_1_124' title='bbox 266 1508 384 1551; x_wconf 76' lang='lat' dir='ltr'>Deus</span> <span class='ocrx_word' id='word_1_125' title='bbox 415 1507 549 1562; x_wconf 71' lang='lat' dir='ltr'>audit,</span> <span class='ocrx_word' id='word_1_126' title='bbox 585 1515 750 1564; x_wconf 81' lang='lat' dir='ltr'>cognata</span> <span class='ocrx_word' id='word_1_127' title='bbox 782 1507 1066 1564; x_wconf 80' lang='lat' dir='ltr'>significatione</span> <span class='ocrx_word' id='word_1_128' title='bbox 1098 1509 1295 1552; x_wconf 82' lang='lat' dir='ltr'>traditam.</span> 
     </span>
    </p>

    <p class='ocr_par' dir='ltr' id='par_1_4' title="bbox 121 1590 1631 2908">
     <span class='ocr_line' id='line_1_17' title="bbox 256 1590 1631 1655; baseline 0.006 -23"><span class='ocrx_word' id='word_1_129' title='bbox 256 1590 361 1646; x_wconf 83' lang='lat' dir='ltr'>Quid</span> <span class='ocrx_word' id='word_1_130' title='bbox 399 1599 527 1633; x_wconf 87' lang='lat' dir='ltr'>autem</span> <span class='ocrx_word' id='word_1_131' title='bbox 561 1591 664 1633; x_wconf 86' lang='lat' dir='ltr'>valet</span> <span class='ocrx_word' id='word_1_132' title='bbox 702 1607 845 1634; x_wconf 90' lang='lat' dir='ltr'>nomen</span> <span class='ocrx_word' id='word_1_133' title='bbox 884 1592 953 1634; x_wconf 89' lang='lat' dir='ltr'>filii</span> <span class='ocrx_word' id='word_1_134' title='bbox 985 1591 1232 1648; x_wconf 70' lang='grc' dir='ltr'><em>τηλυγέτου,</em></span> <span class='ocrx_word' id='word_1_135' title='bbox 1274 1598 1341 1652; x_wconf 88' lang='lat' dir='ltr'>qui</span> <span class='ocrx_word' id='word_1_136' title='bbox 1374 1611 1423 1638; x_wconf 81' lang='lat' dir='ltr'>ex</span> <span class='ocrx_word' id='word_1_137' title='bbox 1453 1599 1631 1655; x_wconf 81' lang='lat' dir='ltr'>principe</span> 
     </span>
     <span class='ocr_line' id='line_1_18' title="bbox 134 1673 1630 1751; baseline 0.003 -32"><span class='ocrx_word' id='word_1_138' title='bbox 134 1691 177 1719; x_wconf 81' lang='lat' dir='ltr'>ac</span> <span class='ocrx_word' id='word_1_139' title='bbox 207 1676 382 1732; x_wconf 74' lang='lat' dir='ltr'>legitima·</span> <span class='ocrx_word' id='word_1_140' title='bbox 410 1690 536 1717; x_wconf 73' lang='lat' dir='ltr'>uxore</span> <span class='ocrx_word' id='word_1_141' title='bbox 560 1673 700 1717; x_wconf 65' lang='lat' dir='ltr'>Sarcclc</span> <span class='ocrx_word' id='word_1_142' title='bbox 730 1684 846 1717; x_wconf 87' lang='lat' dir='ltr'>natus</span> <span class='ocrx_word' id='word_1_143' title='bbox 882 1675 969 1717; x_wconf 78' lang='lat' dir='ltr'>est?</span> <span class='ocrx_word' id='word_1_144' title='bbox 1001 1675 1154 1719; x_wconf 88' lang='lat' dir='ltr'>Nomen</span> <span class='ocrx_word' id='word_1_145' title='bbox 1186 1682 1310 1748; x_wconf 57' lang='grc' dir='ltr'>ῬΕῙΕἿ</span> <span class='ocrx_word' id='word_1_146' title='bbox 1335 1695 1356 1721; x_wconf 90' lang='lat' dir='ltr'>a</span> <span class='ocrx_word' id='word_1_147' title='bbox 1378 1680 1499 1723; x_wconf 80' lang='lat' dir='ltr'>verbo</span> <span class='ocrx_word' id='word_1_148' title='bbox 1524 1685 1630 1751; x_wconf 52' lang='grc' dir='ltr'>ΡΓ-Ἱζιτζ</span> 
     </span>
     <span class='ocr_line' id='line_1_19' title="bbox 133 1759 1630 1817; baseline 0.005 -17"><span class='ocrx_word' id='word_1_149' title='bbox 133 1759 351 1801; x_wconf 88' lang='lat' dir='ltr'>derivatum</span> <span class='ocrx_word' id='word_1_150' title='bbox 392 1774 496 1809; x_wconf 89' lang='lat' dir='ltr'>esse,</span> <span class='ocrx_word' id='word_1_151' title='bbox 538 1759 644 1802; x_wconf 89' lang='lat' dir='ltr'>nulla</span> <span class='ocrx_word' id='word_1_152' title='bbox 683 1768 742 1802; x_wconf 86' lang='lat' dir='ltr'>est</span> <span class='ocrx_word' id='word_1_153' title='bbox 782 1759 988 1802; x_wconf 85' lang='lat' dir='ltr'>dubitandi</span> <span class='ocrx_word' id='word_1_154' title='bbox 1033 1776 1161 1802; x_wconf 83' lang='lat' dir='ltr'>causa.</span> <span class='ocrx_word' id='word_1_155' title='bbox 1228 1763 1358 1817; x_wconf 80' lang='lat' dir='ltr'>Quum</span> <span class='ocrx_word' id='word_1_156' title='bbox 1391 1773 1521 1806; x_wconf 86' lang='lat' dir='ltr'>tamen</span> <span class='ocrx_word' id='word_1_157' title='bbox 1553 1767 1630 1808; x_wconf 90' lang='lat' dir='ltr'>hoc</span> 
     </span>
     <span class='ocr_line' id='line_1_20' title="bbox 132 1843 1624 1901; baseline 0.005 -17"><span class='ocrx_word' id='word_1_158' title='bbox 132 1843 294 1885; x_wconf 88' lang='lat' dir='ltr'>verbum</span> <span class='ocrx_word' id='word_1_159' title='bbox 317 1843 490 1885; x_wconf 88' lang='lat' dir='ltr'>diversas</span> <span class='ocrx_word' id='word_1_160' title='bbox 514 1843 818 1900; x_wconf 77' lang='lat' dir='ltr'>significationes</span> <span class='ocrx_word' id='word_1_161' title='bbox 850 1859 944 1901; x_wconf 89' lang='lat' dir='ltr'>prae</span> <span class='ocrx_word' id='word_1_162' title='bbox 968 1859 1007 1886; x_wconf 87' lang='lat' dir='ltr'>se</span> <span class='ocrx_word' id='word_1_163' title='bbox 1030 1844 1146 1896; x_wconf 88' lang='lat' dir='ltr'>ferat,</span> <span class='ocrx_word' id='word_1_164' title='bbox 1180 1849 1239 1888; x_wconf 88' lang='lat' dir='ltr'>uti</span> <span class='ocrx_word' id='word_1_165' title='bbox 1271 1863 1366 1889; x_wconf 80' lang='lat' dir='ltr'>mox</span> <span class='ocrx_word' id='word_1_166' title='bbox 1392 1848 1624 1900; x_wconf 77' lang='lat' dir='ltr'>videbimus,</span> 
     </span>
     <span class='ocr_line' id='line_1_21' title="bbox 131 1927 1627 1985; baseline 0.005 -16"><span class='ocrx_word' id='word_1_167' title='bbox 131 1927 414 1984; x_wconf 87' lang='lat' dir='ltr'>quadamtenus</span> <span class='ocrx_word' id='word_1_168' title='bbox 447 1929 637 1968; x_wconf 85' lang='lat' dir='ltr'>incertum</span> <span class='ocrx_word' id='word_1_169' title='bbox 661 1927 786 1969; x_wconf 87' lang='lat' dir='ltr'>videri</span> <span class='ocrx_word' id='word_1_170' title='bbox 817 1937 968 1984; x_wconf 88' lang='lat' dir='ltr'>potest,</span> <span class='ocrx_word' id='word_1_171' title='bbox 1004 1944 1172 1985; x_wconf 86' lang='lat' dir='ltr'>quanam</span> <span class='ocrx_word' id='word_1_172' title='bbox 1196 1933 1348 1973; x_wconf 90' lang='lat' dir='ltr'>ratione</span> <span class='ocrx_word' id='word_1_173' title='bbox 1369 1932 1525 1976; x_wconf 87' lang='lat' dir='ltr'>Isaacus</span> <span class='ocrx_word' id='word_1_174' title='bbox 1550 1935 1627 1976; x_wconf 87' lang='lat' dir='ltr'>hoc</span> 
     </span>
     <span class='ocr_line' id='line_1_22' title="bbox 130 2011 1622 2071; baseline 0.005 -18"><span class='ocrx_word' id='word_1_175' title='bbox 130 2013 286 2053; x_wconf 88' lang='lat' dir='ltr'>nomine</span> <span class='ocrx_word' id='word_1_176' title='bbox 326 2011 496 2053; x_wconf 87' lang='lat' dir='ltr'>donatus</span> <span class='ocrx_word' id='word_1_177' title='bbox 537 2013 597 2051; x_wconf 89' lang='lat' dir='ltr'>sit.</span> <span class='ocrx_word' id='word_1_178' title='bbox 662 2011 814 2053; x_wconf 83' lang='lat' dir='ltr'>Falsam</span> <span class='ocrx_word' id='word_1_179' title='bbox 852 2014 1214 2068; x_wconf 82' lang='lat' dir='ltr'>interpretationem</span> <span class='ocrx_word' id='word_1_180' title='bbox 1247 2016 1493 2071; x_wconf 86' lang='lat' dir='ltr'>compilatori</span> <span class='ocrx_word' id='word_1_181' title='bbox 1527 2017 1622 2060; x_wconf 89' lang='lat' dir='ltr'>Gen.</span> 
     </span>
     <span class='ocr_line' id='line_1_23' title="bbox 128 2093 1623 2158; baseline 0.005 -21"><span class='ocrx_word' id='word_1_182' title='bbox 128 2094 273 2144; x_wconf 88' lang='lat' dir='ltr'>XVIII,</span> <span class='ocrx_word' id='word_1_183' title='bbox 304 2093 354 2136; x_wconf 92' lang='lat'>11</span> <span class='ocrx_word' id='word_1_184' title='bbox 383 2109 469 2151; x_wconf 83' lang='lat' dir='ltr'>sqq.</span> <span class='ocrx_word' id='word_1_185' title='bbox 504 2097 741 2145; x_wconf 87' lang='lat' dir='ltr'>occurrisse,</span> <span class='ocrx_word' id='word_1_186' title='bbox 785 2097 913 2152; x_wconf 85' lang='lat' dir='ltr'>quivis</span> <span class='ocrx_word' id='word_1_187' title='bbox 947 2096 1099 2138; x_wconf 84' lang='lat' dir='ltr'>viderit.</span> <span class='ocrx_word' id='word_1_188' title='bbox 1157 2098 1372 2141; x_wconf 74' lang='lat' dir='ltr'>Ver-issima</span> <span class='ocrx_word' id='word_1_189' title='bbox 1411 2101 1623 2158; x_wconf 87' lang='lat' dir='ltr'>eademque</span> 
     </span>
     <span class='ocr_line' id='line_1_24' title="bbox 128 2179 1623 2241; baseline 0.006 -22"><span class='ocrx_word' id='word_1_190' title='bbox 128 2180 397 2235; x_wconf 87' lang='lat' dir='ltr'>antiquissima</span> <span class='ocrx_word' id='word_1_191' title='bbox 419 2180 473 2219; x_wconf 87' lang='lat' dir='ltr'>rei</span> <span class='ocrx_word' id='word_1_192' title='bbox 497 2179 705 2235; x_wconf 86' lang='lat' dir='ltr'>explicatio</span> <span class='ocrx_word' id='word_1_193' title='bbox 730 2181 952 2221; x_wconf 83' lang='lat' dir='ltr'>continetur</span> <span class='ocrx_word' id='word_1_194' title='bbox 975 2181 1164 2223; x_wconf 85' lang='lat' dir='ltr'>cantilena</span> <span class='ocrx_word' id='word_1_195' title='bbox 1186 2183 1270 2234; x_wconf 92' lang='lat' dir='ltr'>illa,</span> <span class='ocrx_word' id='word_1_196' title='bbox 1302 2199 1417 2241; x_wconf 88' lang='lat' dir='ltr'>quam</span> <span class='ocrx_word' id='word_1_197' title='bbox 1442 2195 1623 2228; x_wconf 87' lang='lat' dir='ltr'>nostrum</span> 
     </span>
     <span class='ocr_line' id='line_1_25' title="bbox 127 2259 1620 2329; baseline 0.005 -24"><span class='ocrx_word' id='word_1_198' title='bbox 127 2263 405 2320; x_wconf 83' lang='lat' dir='ltr'>Fragmentum</span> <span class='ocrx_word' id='word_1_199' title='bbox 430 2261 590 2304; x_wconf 72' lang='lat' dir='ltr'>exhibet</span> <span class='ocrx_word' id='word_1_200' title='bbox 612 2259 726 2316; x_wconf 83' lang='lat' dir='ltr'>(Gen.</span> <span class='ocrx_word' id='word_1_201' title='bbox 749 2262 863 2314; x_wconf 86' lang='lat' dir='ltr'><strong>XXI,</strong></span> <span class='ocrx_word' id='word_1_202' title='bbox 889 2262 927 2314; x_wconf 85' lang='lat'>6,</span> <span class='ocrx_word' id='word_1_203' title='bbox 954 2262 1010 2318; x_wconf 81' lang='lat'>7).</span> <span class='ocrx_word' id='word_1_204' title='bbox 1061 2264 1236 2317; x_wconf 84' lang='lat' dir='ltr'>Scilicet,</span> <span class='ocrx_word' id='word_1_205' title='bbox 1271 2263 1375 2329; x_wconf 57' lang='grc' dir='ltr'>ὯῩἾΞ</span> <span class='ocrx_word' id='word_1_206' title='bbox 1398 2285 1478 2312; x_wconf 89' lang='lat' dir='ltr'>nou</span> <span class='ocrx_word' id='word_1_207' title='bbox 1500 2270 1620 2313; x_wconf 87' lang='lat' dir='ltr'>modo</span> 
     </span>
     <span class='ocr_line' id='line_1_26' title="bbox 126 2333 1621 2409; baseline 0.006 -22"><span class='ocrx_word' id='word_1_208' title='bbox 126 2347 265 2400; x_wconf 74' lang='lat' dir='ltr'>risum,</span> <span class='ocrx_word' id='word_1_209' title='bbox 299 2345 369 2388; x_wconf 89' lang='lat' dir='ltr'>sed</span> <span class='ocrx_word' id='word_1_210' title='bbox 400 2348 513 2388; x_wconf 88' lang='lat' dir='ltr'>etiam</span> <span class='ocrx_word' id='word_1_211' title='bbox 546 2346 744 2389; x_wconf 69' lang='lat' dir='ltr'>laetitzccm</span> <span class='ocrx_word' id='word_1_212' title='bbox 769 2348 826 2388; x_wconf 87' lang='lat' dir='ltr'>vel</span> <span class='ocrx_word' id='word_1_213' title='bbox 857 2348 1041 2391; x_wconf 74' lang='lat' dir='ltr'>laetandi</span> <span class='ocrx_word' id='word_1_214' title='bbox 1072 2365 1239 2392; x_wconf 75' lang='lat' dir='ltr'>causam</span> <span class='ocrx_word' id='word_1_215' title='bbox 1270 2333 1621 2409; x_wconf 72' lang='lat' dir='ltr'>S1g11ific1tuti11</span> 
     </span>
     <span class='ocr_line' id='line_1_27' title="bbox 124 2416 1617 2502; baseline 0.005 -29"><span class='ocrx_word' id='word_1_216' title='bbox 124 2430 280 2473; x_wconf 85' lang='lat' dir='ltr'>Psalmo</span> <span class='ocrx_word' id='word_1_217' title='bbox 306 2429 494 2481; x_wconf 88' lang='lat' dir='ltr'>CXXVI,</span> <span class='ocrx_word' id='word_1_218' title='bbox 520 2430 568 2472; x_wconf 76' lang='lat'>2:</span> <span class='ocrx_word' id='word_1_219' title='bbox 601 2434 692 2477; x_wconf 52' lang='lat'>’52³5</span> <span class='ocrx_word' id='word_1_220' title='bbox 726 2435 852 2502; x_wconf 65' lang='grc' dir='ltr'>ΡἾΠΞ</span> <span class='ocrx_word' id='word_1_221' title='bbox 884 2416 1016 2501; x_wconf 46' lang='lat'>8¹77?</span> <span class='ocrx_word' id='word_1_222' title='bbox 1048 2439 1122 2484; x_wconf 59' lang='lat'>3¹8,</span> <span class='ocrx_word' id='word_1_223' title='bbox 1158 2441 1242 2475; x_wconf 71' lang='lat' dir='ltr'>lum</span> <span class='ocrx_word' id='word_1_224' title='bbox 1272 2436 1506 2492; x_wconf 59' lang='lat' dir='ltr'>implebitur</span> <span class='ocrx_word' id='word_1_225' title='bbox 1534 2439 1617 2480; x_wconf 77' lang='lat' dir='ltr'>lae-</span> 
     </span>
     <span class='ocr_line' id='line_1_28' title="bbox 125 2514 1618 2573; baseline 0.006 -18"><span class='ocrx_word' id='word_1_226' title='bbox 125 2514 214 2556; x_wconf 76' lang='lat' dir='ltr'>titia</span> <span class='ocrx_word' id='word_1_227' title='bbox 245 2529 289 2556; x_wconf 78' lang='lat' dir='ltr'>os</span> <span class='ocrx_word' id='word_1_228' title='bbox 319 2521 512 2556; x_wconf 74' lang='lat' dir='ltr'>nostrum.</span> <span class='ocrx_word' id='word_1_229' title='bbox 578 2514 766 2558; x_wconf 86' lang='lat' dir='ltr'>Similiter</span> <span class='ocrx_word' id='word_1_230' title='bbox 796 2516 990 2558; x_wconf 83' lang='lat' dir='ltr'>Homerus</span> <span class='ocrx_word' id='word_1_231' title='bbox 1025 2515 1089 2571; x_wconf 93' lang='lat' dir='ltr'>(ll.</span> <span class='ocrx_word' id='word_1_232' title='bbox 1112 2518 1228 2568; x_wconf 87' lang='lat' dir='ltr'>XXI,</span> <span class='ocrx_word' id='word_1_233' title='bbox 1255 2517 1385 2573; x_wconf 81' lang='lat'>389):</span> <span class='ocrx_word' id='word_1_234' title='bbox 1420 2519 1618 2572; x_wconf 76' lang='grc' dir='ltr'><strong><em>ἐγέλασσε</em></strong></span> 
     </span>
     <span class='ocr_line' id='line_1_29' title="bbox 127 2594 1617 2662; baseline 0.007 -25"><span class='ocrx_word' id='word_1_235' title='bbox 127 2595 174 2637; x_wconf 81' lang='grc' dir='ltr'>δέ</span> <span class='ocrx_word' id='word_1_236' title='bbox 204 2594 245 2638; x_wconf 78' lang='grc' dir='ltr'>οἳ</span> <span class='ocrx_word' id='word_1_237' title='bbox 276 2596 405 2653; x_wconf 78' lang='grc' dir='ltr'><strong><em>φίλον</em></strong></span> <span class='ocrx_word' id='word_1_238' title='bbox 435 2596 534 2654; x_wconf 80' lang='grc' dir='ltr'><strong><em>ἦτορ</em></strong></span> <span class='ocrx_word' id='word_1_239' title='bbox 564 2598 799 2658; x_wconf 73' lang='grc' dir='ltr'><em>γηθοσύνῃ.</em></span> <span class='ocrx_word' id='word_1_240' title='bbox 846 2600 954 2642; x_wconf 90' lang='lat' dir='ltr'>Nihil</span> <span class='ocrx_word' id='word_1_241' title='bbox 976 2603 1076 2643; x_wconf 89' lang='lat' dir='ltr'>enim</span> <span class='ocrx_word' id='word_1_242' title='bbox 1098 2603 1284 2658; x_wconf 85' lang='lat' dir='ltr'>majorem</span> <span class='ocrx_word' id='word_1_243' title='bbox 1307 2603 1491 2646; x_wconf 86' lang='lat' dir='ltr'>laetitiam</span> <span class='ocrx_word' id='word_1_244' title='bbox 1514 2609 1617 2662; x_wconf 89' lang='lat' dir='ltr'>parit</span> 
     </span>
     <span class='ocr_line' id='line_1_30' title="bbox 124 2681 1616 2746; baseline 0.007 -24"><span class='ocrx_word' id='word_1_245' title='bbox 124 2689 161 2722; x_wconf 89' lang='lat' dir='ltr'>et</span> <span class='ocrx_word' id='word_1_246' title='bbox 175 2681 488 2737; x_wconf 83' lang='lat' dir='ltr'>gratulationem,</span> <span class='ocrx_word' id='word_1_247' title='bbox 507 2697 624 2739; x_wconf 88' lang='lat' dir='ltr'>quam</span> <span class='ocrx_word' id='word_1_248' title='bbox 641 2683 802 2740; x_wconf 81' lang='lat' dir='ltr'>legitimi</span> <span class='ocrx_word' id='word_1_249' title='bbox 819 2684 886 2725; x_wconf 86' lang='lat' dir='ltr'>filii</span> <span class='ocrx_word' id='word_1_250' title='bbox 904 2693 996 2740; x_wconf 90' lang='lat' dir='ltr'>post</span> <span class='ocrx_word' id='word_1_251' title='bbox 1009 2685 1166 2742; x_wconf 83' lang='lat' dir='ltr'>longam</span> <span class='ocrx_word' id='word_1_252' title='bbox 1181 2690 1511 2743; x_wconf 75' lang='lat' dir='ltr'>exspectationem</span> <span class='ocrx_word' id='word_1_253' title='bbox 1524 2704 1616 2746; x_wconf 87' lang='lat' dir='ltr'>par-</span> 
     </span>
     <span class='ocr_line' id='line_1_31' title="bbox 121 2763 1612 2827; baseline 0.007 -22"><span class='ocrx_word' id='word_1_254' title='bbox 121 2773 199 2806; x_wconf 86' lang='lat' dir='ltr'>tus.</span> <span class='ocrx_word' id='word_1_255' title='bbox 243 2763 361 2819; x_wconf 82' lang='lat' dir='ltr'>Quod</span> <span class='ocrx_word' id='word_1_256' title='bbox 381 2765 576 2808; x_wconf 88' lang='lat' dir='ltr'>Homerus</span> <span class='ocrx_word' id='word_1_257' title='bbox 599 2770 823 2823; x_wconf 84' lang='lat' dir='ltr'>saepissime</span> <span class='ocrx_word' id='word_1_258' title='bbox 846 2777 1013 2810; x_wconf 87' lang='lat' dir='ltr'>testatur</span> <span class='ocrx_word' id='word_1_259' title='bbox 1035 2765 1098 2822; x_wconf 84' lang='lat' dir='ltr'>(cf.</span> <span class='ocrx_word' id='word_1_260' title='bbox 1117 2770 1157 2810; x_wconf 89' lang='lat' dir='ltr'>Il.</span> <span class='ocrx_word' id='word_1_261' title='bbox 1176 2770 1243 2821; x_wconf 81' lang='lat' dir='ltr'>IX,</span> <span class='ocrx_word' id='word_1_262' title='bbox 1267 2769 1362 2814; x_wconf 80' lang='grc'><strong>143.</strong></span> <span class='ocrx_word' id='word_1_263' title='bbox 1380 2771 1463 2814; x_wconf 77' lang='grc'>481</span> <span class='ocrx_word' id='word_1_264' title='bbox 1490 2772 1612 2827; x_wconf 89' lang='lat' dir='ltr'>alibi).</span> 
     </span>
     <span class='ocr_line' id='line_1_32' title="bbox 121 2847 1614 2908; baseline 0.007 -19"><span class='ocrx_word' id='word_1_265' title='bbox 121 2847 172 2890; x_wconf 86' lang='lat' dir='ltr'>Et</span> <span class='ocrx_word' id='word_1_266' title='bbox 202 2857 296 2890; x_wconf 90' lang='lat' dir='ltr'>sunt</span> <span class='ocrx_word' id='word_1_267' title='bbox 327 2851 395 2905; x_wconf 91' lang='lat' dir='ltr'>qui</span> <span class='ocrx_word' id='word_1_268' title='bbox 419 2850 655 2893; x_wconf 86' lang='lat' dir='ltr'>vocabulum</span> <span class='ocrx_word' id='word_1_269' title='bbox 687 2852 909 2908; x_wconf 76' lang='grc' dir='ltr'><em>τηλύγετος</em></span> <span class='ocrx_word' id='word_1_270' title='bbox 940 2852 989 2894; x_wconf 88' lang='lat' dir='ltr'>ad</span> <span class='ocrx_word' id='word_1_271' title='bbox 1020 2853 1205 2894; x_wconf 87' lang='lat' dir='ltr'>laetitiam</span> <span class='ocrx_word' id='word_1_272' title='bbox 1238 2855 1340 2896; x_wconf 88' lang='lat' dir='ltr'>illam</span> <span class='ocrx_word' id='word_1_273' title='bbox 1370 2865 1408 2898; x_wconf 90' lang='lat' dir='ltr'>et</span> <span class='ocrx_word' id='word_1_274' title='bbox 1432 2860 1614 2899; x_wconf 79' lang='lat' dir='ltr'>convivia</span> 
     </span>
    </p>
   </div>
   <div class='ocr_carea' id='block_1_3' title="bbox 121 2930 1611 2990">
    <p class='ocr_par' dir='ltr' id='par_1_5' title="bbox 121 2930 1611 2990">
     <span class='ocr_line' id='line_1_33' title="bbox 121 2930 1611 2990; baseline 0.009 -19"><span class='ocrx_word' id='word_1_275' title='bbox 121 2930 332 2985; x_wconf 74' lang='grc' dir='ltr'><strong><em>(θαλίαι),</em></strong></span> <span class='ocrx_word' id='word_1_276' title='bbox 365 2932 508 2989; x_wconf 90' lang='lat' dir='ltr'>quibus</span> <span class='ocrx_word' id='word_1_277' title='bbox 543 2934 627 2976; x_wconf 86' lang='lat' dir='ltr'>talis</span> <span class='ocrx_word' id='word_1_278' title='bbox 659 2935 727 2977; x_wconf 86' lang='lat' dir='ltr'>filii</span> <span class='ocrx_word' id='word_1_279' title='bbox 758 2936 931 2983; x_wconf 81' lang='lat' dir='ltr'>natalitia</span> <span class='ocrx_word' id='word_1_280' title='bbox 955 2936 1211 2990; x_wconf 85' lang='lat' dir='ltr'>celebrantur,</span> <span class='ocrx_word' id='word_1_281' title='bbox 1244 2939 1490 2983; x_wconf 86' lang='lat' dir='ltr'>referendum</span> <span class='ocrx_word' id='word_1_282' title='bbox 1523 2956 1611 2984; x_wconf 89' lang='lat' dir='ltr'>ceu-</span> 
     </span>
    </p>
   </div>
  </div>
 </body>
</html>
