1867 3301
789 200 889 248 249

504 418 556 462 1N
594 418 796 483 JOSUAE
840 417 1174 462 ovileoNEM.

210 595 491 636 Brevissimum
540 593 616 634 hoc
663 592 751 634 libri
792 592 999 634 Jasharani
1049 592 1308 650 fragmentum
1351 594 1490 634 mirum
1532 601 1591 635 est

96 687 260 736 quantas
305 676 577 719 turbas·inter
617 691 750 718 omnes
791 677 983 718 revelatae
1021 677 1235 734 relligionis
1272 686 1463 732 patronos
1496 692 1590 719 con-

96 764 249 811 civerit‚
300 776 421 818 quum
470 760 524 802 ibi
570 761 801 802 miraculum
849 762 1023 801 omnium
1071 769 1273 817 quotquot
1314 761 1457 802 tradita
1497 770 1591 803 sunt

94 847 260 887 maxime
307 853 585 902 portentosum
631 845 874 901 intelligunt,
924 858 994 885 nec
1039 845 1167 884 sciunt
1206 844 1409 900 quomodo
1451 845 1491 886 id
1528 845 1590 887 vel

94 937 280 970 tueantur
312 929 371 970 vel
404 928 600 985 explicent
626 928 687 969 vel
718 928 906 983 rejiciant.
955 927 1007 969 Ut
1038 929 1078 968 in
1109 927 1256 968 medias
1288 942 1350 969 res
1381 943 1462 969 uno
1487 929 1590 970 saltu

96 1012 346 1061 descendam,
381 1012 620 1054 confidenter
652 1013 867 1068 pronuntio
901 1012 1047 1052 nullam
1080 1026 1162 1053 esse
1188 1012 1250 1053 hic
1272 1011 1445 1069 prodigii
1470 1014 1590 1069 signi-

95 1097 334 1145 ficationem,
382 1098 414 1137 si
456 1097 627 1152 excipias
669 1110 826 1136 saxeam
866 1095 970 1137 illam
1008 1094 1257 1153 grandinem,
1301 1110 1401 1152 quae
1441 1104 1589 1138 tantam

96 1179 327 1237 fugientium
359 1181 605 1220 inimicorum
637 1187 805 1235 stragem
835 1178 953 1220 dedit.
1004 1178 1159 1235 Optime
1182 1180 1283 1220 enim
1307 1178 1591 1222 demonstravit

95 1263 286 1304 Henricus
308 1263 449 1304 Ewald
482 1259 732 1315 (Gesehichte
766 1261 832 1303 des
856 1262 1004 1304 Volkes
1036 1262 1153 1304 Israel
1185 1263 1221 1313 I,
1255 1278 1293 1319 p.
1319 1261 1421 1317 251)
1455 1263 1586 1314 verba,

97 1361 195 1404 quae
228 1362 277 1388 ex
307 1346 408 1388 libro
442 1346 658 1387 Jasharano
693 1348 880 1396 eitentur,
923 1348 1080 1387 nonnisi
1112 1349 1348 1403 precationis
1381 1347 1589 1390 formulam

96 1432 223 1487 poetis
257 1432 546 1471 usitatissimam
571 1431 780 1471 continere.
830 1429 1003 1480 Scilicet,
1038 1445 1160 1487 quum
1184 1429 1359 1472 Giheone
1382 1431 1449 1472 diu
1472 1440 1589 1489 atquc

98 1529 222 1571 aequo
262 1522 383 1556 marte
422 1522 640 1571 pugnatum
675 1522 776 1555 esset
807 1522 844 1555 et
875 1529 959 1555 nox
990 1516 1346 1571 appropinquaret,
1390 1524 1589 1557 vereretur

98 1606 224 1639 autem
262 1598 523 1639 Israelitarum
563 1597 665 1647 dux,
712 1612 780 1645 ne,
822 1597 863 1638 id
901 1597 1010 1654 quod
1051 1611 1165 1654 saepe
1205 1597 1344 1639 accidit
1385 1596 1587 1656 (Aeschyl.

96 1681 203 1723 Pers.
233 1679 333 1723 428.
376 1681 560 1737 Thucyd.
589 1681 655 1730 IV,
683 1679 788 1730 134,
829 1680 990 1723 Arrian.
1009 1680 1139 1723 Anah.
1161 1681 1213 1732 II,
1242 1680 1290 1723 11
1327 1680 1350 1736 ἓ
1374 1680 1438 1735 5),
1482 1692 1589 1725 tene-

96 1764 209 1815 brae,
243 1765 303 1806 vel
334 1766 463 1806 minus
496 1765 598 1805 clara
629 1764 742 1806 lunae
774 1765 864 1814 lux,
899 1765 1034 1806 hostes
1068 1780 1163 1806 suos
1193 1764 1241 1806 ab
1264 1767 1478 1808 imminenti
1499 1781 1589 1823 per-

97 1850 194 1890 nicie
226 1848 428 1898 liberaret,
470 1848 523 1890 ibi
554 1857 638 1890 tum
669 1847 812 1898 Josua,
849 1847 982 1889 divino
1016 1848 1165 1890 auxilio
1198 1848 1314 1899 fisus,
1354 1849 1590 1906 precabatur

98 1940 143 1973 ut
173 1930 277 1973 Solis
319 1931 499 1973 decessus
539 1931 823 1982 retardaretur,
867 1931 991 1973 donec
1021 1933 1208 1974 victoriae
1242 1934 1346 1974 omni
1377 1942 1488 1990 parte
1520 1933 1590 1976 ab·

98 2016 249 2057 solutae
282 2017 432 2072 potitus
466 2024 586 2066 esset3
628 2015 737 2072 quod
768 2017 821 2057 ita
851 2023 980 2057 ratum
1013 2024 1089 2065 est,
1128 2024 1173 2058 ut
1204 2016 1457 2073 precabatur3
1499 2033 1589 2060 nam

98 2108 185 2141 ante
219 2114 398 2141 occasum
430 2099 523 2140 solis
556 2099 691 2140 hostes
723 2114 763 2140 se
794 2101 999 2156 praecipiti
1031 2099 1146 2157 fugae
1180 2099 1384 2142 dederunt.
1434 2100 1588 2143 Similes

97 2185 340 2240 precationes
383 2185 516 2224 citavit
554 2182 742 2224 Ewaldus
765 2178 790 2235 ¹)
832 2198 880 2224 ex
911 2183 1072 2225 Homeri
1102 2183 1143 2224 Il.
1176 2184 1227 2234 Π,
1258 2182 1344 2226 413
1376 2199 1462 2242 sqq.
1513 2184 1587 2227 Od.

96 2266 241 2315 XXIII,
267 2264 468 2308 243—6.
517 2266 647 2308 Plauti
677 2266 875 2323 Amphitr.
905 2266 1011 2308 Prol.
1042 2265 1137 2309 113.
1179 2282 1232 2309 sc.
1254 2268 1290 2318 I,
1329 2267 1364 2318 1,
1394 2266 1474 2311 119
1498 2283 1584 2326 sqq.

96 2350 182 2392 Liv.
200 2349 289 2400 Vll,
316 2348 383 2391 33.
416 2350 650 2400 Imrialkais‚
683 2350 882 2392 Moallaka
909 2366 945 2391 v.
969 2349 1039 2392 45.
1072 2351 1290 2401 Abull'eda,
1324 2351 1429 2393 Ann.
1455 2352 1503 2393 T.
1526 2352 1585 2402 ΙΙΙ,

97 2449 135 2491 p.
167 2433 236 2475 74.
298 2433 430 2491 Atque
469 2442 514 2475 ut
552 2434 852 2476 illustrationem
892 2449 940 2476 ex
979 2435 1100 2476 altera
1139 2444 1250 2492 parte
1285 2435 1588 2492 respondentem

99 2517 308 2568 adducam,
349 2517 433 2559 dux
471 2518 531 2559 ille
570 2526 705 2560 noster
732 2517 1121 2576 WVellingtoniensis,
1162 2518 1236 2560 sub
1276 2518 1391 2560 finem
1423 2518 1588 2560 nobilis-

100 2602 217 2642 simae
248 2601 350 2643 illius
374 2603 415 2643 in
435 2601 572 2659 Belgio
595 2616 770 2659 pugnae,
805 2616 882 2658 qua
903 2600 1189 2659 Napoleontem
1212 2601 1431 2653 debellavit,
1466 2617 1588 2660 quum

99 2684 240 2725 multas
275 2685 356 2740 jam
394 2700 557 2727 suorum
597 2686 763 2727 militum
801 2686 984 2727 cohortes
1017 2686 1077 2726 vel
1111 2688 1285 2727 concisas
1319 2687 1379 2728 vel
1413 2686 1585 2729 defessas

202 2815 225 2857 ι)
257 2813 331 2847 Non
358 2825 461 2859 pauca
487 2825 526 2848 ex
553 2813 604 2849 his
627 2815 842 2849 citationIbus
861 2821 1161 2860 praeoccupaverat
1180 2814 1216 2849 C.
1236 2815 1274 2850 D.
1293 2816 1400 2863 Ilgen,
1428 2815 1588 2850 deimbre

99 2879 231 2925 lapideo
266 2884 298 2913 et
324 2878 406 2913 solis
434 2890 468 2913 ac
494 2878 593 2915 lunae
620 2892 714 2915 mora
739 2887 800 2915 etc.
842 2880 935 2926 Lips.
957 2879 1065 2923 1793,
1097 2886 1135 2916 ut
1161 2893 1177 2915 a
1204 2881 1464 2917 Rosenmiillero
1494 2881 1586 2915 disco

101 2943 146 2991 (p.
167 2942 266 2989 185);
293 2955 368 2979 nam
394 2947 708 2981 commentationem
733 2947 840 2993 ipsam
867 2957 935 2981 non
962 2945 1042 2980 vidi.
