1867 3301
271 333 387 375 quam
419 317 534 375 longe
566 326 703 374 postea
725 317 933 375 Baraquus
965 320 1195 375 reportavit.
1241 316 1373 375 Atque
1405 318 1468 359 1110
1501 318 1656 375 quidem
1679 319 1762 360 exi-

272 405 383 443 miam
419 417 549 443 sacrae
581 401 768 443 historiae
801 417 958 458 operam
990 404 1152 443 navavit
1182 404 1327 443 amicus
1360 410 1495 444 noster
1526 410 1564 443 et
1594 404 1758 452 vicinus,

269 486 472 527 Arthurus
504 485 674 541 Hcrvey‚
709 487 768 526 vir
801 485 902 526 clara
935 487 1055 542 stirpe
1090 485 1301 535 oriundus,
1335 485 1515 541 idemque
1547 487 1693 542 ingenii
1724 492 1761 526 et

271 569 469 610 doctrinae
508 568 691 610 laudibus
729 569 1029 610 florentissimus
1061 566 1334 625 (Genealogies
1368 568 1414 610 of
1442 583 1515 610 our
1545 567 1653 610 Lord
1685 567 1762 609 and

271 652 442 693 Saviour
480 652 594 693 ι105115
629 650 783 702 Christ,
829 650 1063 708 Cambridge
1100 649 1250 704 1853).
1312 653 1348 693 ls
1388 654 1508 701 enim,
1549 654 1649 693 inter
1687 651 1761 692 alia

271 751 370 792 quae
402 735 452 776 ad
476 735 772 791 chronologiam
794 735 883 776 libri
903 726 1087 777 Judicum
1110 737 1325 791 spectantia
1352 737 1498 791 optime
1521 734 1758 784 observavit,

270 834 343 860 1105
384 819 591 860 admonuit
623 816 678 875 (p.
703 818 789 860 228
812 817 916 875 sqq.)
951 833 995 859 ca
1027 832 1126 875 quae
1159 818 1205 859 de
1237 817 1379 859 Jabino
1413 820 1452 859 in
1481 818 1581 859 libro
1614 817 1760 860 Josuae

270 900 319 955 (c.
341 899 414 955 Xl)
448 910 813 952 commemorentur,
848 910 925 943 tam
958 900 1183 943 nominibus
1216 915 1352 958 regum
1375 910 1412 942 et
1433 900 1610 951 urbium,
1645 915 1762 957 quam

270 986 375 1035 loco,
419 985 488 1026 ubi
528 1000 589 1026 res
622 993 754 1041 gestae
787 1000 870 1026 0550
903 984 1129 1034 tradantur,
1172 986 1407 1026 examussim
1441 986 1642 1026 concinere
1675 998 1761 1025 cum

268 1069 433 1110 historia
473 1083 571 1125 quae
603 1070 644 1108 in
674 1067 776 1109 libro
809 1067 993 1110 Judicum
1026 1065 1074 1121 (c.
1098 1065 1168 1120 IV)
1201 1076 1401 1118 narretur,
1444 1076 1481 1109 et
1511 1069 1551 1109 in
1583 1069 1762 1124 sequenti

269 1152 439 1208 capitulo
472 1154 636 1208 poeticis
670 1151 870 1193 coloribus
904 1151 1159 1208 depingatur3
1191 1152 1295 1194 unde
1320 1167 1401 1193 non
1419 1141 1638 1192 absurdum
1660 1150 1763 1192 foret

269 1235 512 1285 concludere,
547 1235 693 1276 Josuae
727 1234 869 1276 librum
903 1234 1197 1291 quodammodo
1221 1243 1447 1292 corruptam
1472 1233 1657 1276 exhibere
1678 1248 1761 1276 eam

268 1320 531 1360 narrationem
565 1334 664 1375 quae
696 1321 736 1359 in
767 1318 868 1360 libro
891 1319 1074 1360 Judicum
1107 1321 1365 1360 contineatur.
1415 1318 1636 1372 Quinetiam
1663 1317 1761 1359 benc

268 1404 471 1459 perspexit
502 1417 645 1444 nomen
676 1402 752 1443 loci
784 1406 876 1463 Du?
906 1397 1114 1463 ΠἻΞἻΨᾨ
1137 1402 1282 1443 nullam
1304 1402 1415 1443 aliam
1439 1401 1761 1458 significationem

270 1486 425 1536 habere,
461 1500 577 1542 quam
599 1485 702 1527 illam
727 1487 1015 1528 cremationem
1027 1467 1231 1527 *curruum
1253 1486 1309 1527 ad
1330 1501 1471 1542 aquas,
1498 1499 1613 1542 quam
1635 1487 1762 1527 victor

268 1568 398 1610 Jabini
422 1568 569 1610 Sidone
602 1584 652 1610 ex
677 1569 797 1624 jussu
817 1569 990 1611 ι1011011110
1024 1568 1242 1611 confecerit.
1291 1568 1395 1622 Quid
1418 1568 1604 1625 quaeris?
1635 1568 1763 1610 scriba

269 1653 330 1693 ille
361 1652 671 1702 Masorethicus,
715 1667 856 1708 quum,
899 1661 993 1709 post
1032 1653 1213 1693 exsilium
1243 1651 1549 1708 Babylonicum,
1591 1651 1763 1694 abscissa

270 1736 333 1776 illa
354 1744 528 1777 veterum
560 1744 787 1792 poematum
818 1744 898 1776 tam
930 1737 1131 1792 epicorum
1154 1750 1270 1792 quam
1292 1735 1507 1792 lyricorum
1528 1735 1700 1777 membra
1722 1737 1761 1777 in

268 1834 416 1860 novum
439 1834 582 1875 corpus
600 1821 898 1876 coagmentavit,
918 1819 939 1861 J
945 1834 1076 1868 osuae,
1100 1820 1266 1875 principi
1286 1817 1590 1860 Canaanitarum
1607 1820 1760 1868 victori,

270 1918 403 1951 omnes
444 1911 523 1944 tam
562 1903 886 1959 septentrionales
922 1918 1038 1959 quam
1080 1902 1352 1944 meridionales
1385 1904 1568 1944 victorias
1608 1901 1759 1943 tribuit.

271 1986 389 2040 Quod
420 1986 536 2044 longe
568 1986 678 2027 aliter
700 1986 850 2028 accidit.
891 1985 990 2027 Nam
1022 1995 1234 2043 postquam
1256 1986 1461 2036 Israelitae,
1497 1986 1620 2027 ι1051111
1649 1985 1758 2035 duce,

270 2069 398 2111 sedem
441 2069 515 2110 sibi
557 2069 734 2111 stabilem
776 2078 814 2111 et
853 2070 1092 2111 domicilium
1128 2071 1168 2111 in
1199 2070 1419 2111 Palaestina
1451 2071 1758 2118 constituissent,

269 2153 370 2194 illico
413 2168 479 2195 005
520 2155 780 2194 conterminae
817 2161 952 2209 gentes
991 2153 1141 2194 infestis
1183 2152 1474 2194 incursionibus
1508 2151 1758 2194 lacessebant.

268 2236 423 2277 Primus
456 2238 577 2292 igitur
596 2236 907 2292 Mesopotamiae
939 2251 1008 2277 rex
1033 2251 1161 2277 novos
1186 2237 1349 2278 colonos
1373 2235 1602 2285 debellabat,
1637 2251 1658 2276 a
1680 2249 1759 2292 quo

270 2321 429 2360 servitio
465 2317 622 2360 Othniel
661 2319 854 2360 Israelitas
896 2328 1035 2360 octavo
1077 2335 1179 2360 anno
1221 2319 1411 2361 liberabat
1451 2317 1566 2370 (Jud.
1591 2319 1660 2368 ΠΙ,
1693 2315 1758 2369 9).

272 2401 402 2455 Quum
444 2400 602 2444 Othnicl
642 2400 775 2444 Calebi
823 2401 941 2443 fuerit
982 2417 1031 2443 cx
1070 2401 1187 2444 fratre
1228 2418 1372 2459 nepos,
1423 2401 1591 2444 Calebus
1632 2409 1761 2442 autem

269 2485 415 2526 Josuae
448 2486 631 2542 aequalis,
666 2485 774 2526 haud
804 2487 996 2526 immerito
1031 2485 1188 2527 deducit
1209 2486 1399 2527 Hcrvcius
1421 2493 1557 2526 noster
1579 2480 1634 2540 (p.
1656 2481 1758 2536 222)

270 2567 538 2609 liberationem
578 2567 625 2609 ab
661 2566 840 2609 Othnicle
882 2568 1053 2610 effectam
1092 2569 1153 2609 vel
1191 2570 1342 2610 vivente
1373 2568 1498 2609 Josua
1530 2567 1591 2609 vel
1629 2568 1759 2608 statim

269 2659 363 2708 post
394 2652 477 2706 ejus
509 2660 674 2693 mortem
707 2653 930 2708 contigisse.
979 2650 1126 2692 Deinde
1160 2652 1332 2692 ostendit
1353 2653 1413 2692 vir
1435 2651 1575 2692 doctus
1596 2649 1760 2692 Ammo-

270 2737 438 2776 nitarum
471 2742 508 2776 et
528 2734 793 2776 Moabitarum
827 2735 1131 2776 dominationem
1159 2750 1228 2791 per
1251 2734 1467 2776 octodecim
1488 2749 1625 2784 annos,
1660 2747 1759 2790 quae

271 2820 310 2858 iu
342 2834 372 2859 c.
395 2818 454 2859 Ill.
490 2826 682 2867 narratur,
718 2818 878 2859 eandem
911 2832 992 2859 csse
1026 2826 1142 2874 atque
1173 2818 1275 2859 illam
1309 2834 1327 2859 0
1359 2833 1436 2874 qua
1467 2817 1611 2874 Jephta
1641 2817 1758 2872 longe

271 2909 363 2956 post
394 2916 489 2942 suos
522 2902 665 2943 exemit
697 2897 745 2954 (c.
768 2900 836 2951 XI,
864 2899 928 2951 13,
954 2900 1022 2952 24,
1047 2898 1104 2954 5),
1137 2916 1207 2944 nec
1231 2900 1445 2944 Gibeoncm
1477 2900 1553 2942 alio
1584 2908 1758 2956 tempore
