1867 3301
97 371 195 413 quac
241 356 377 398 sordes
425 370 635 412 corporeas
684 356 826 406 abluit,
880 372 1014 398 verum
1055 358 1169 398 etiam
1209 357 1358 414 reliqua
1397 359 1491 407 tria,
1539 381 1584 388 --

96 447 260 495 tero-mn,
296 455 394 498 quae
427 439 643 482 fullonibus
677 448 786 481 tanto
820 443 910 482 usui
938 449 996 482 cst
1018 440 1067 482 ad
1089 440 1382 498 detergendum,
1414 448 1588 496 ventum,

96 526 164 581 qui
197 525 352 566 inutiles
383 524 514 582 paleas
547 539 569 565 a
601 523 795 567 frumento
829 533 985 581 separat
1024 541 1067 566 ac
1100 525 1279 575 discutit,
1325 526 1479 581 iynem,
1522 528 1590 582 qui

96 609 135 648 in
174 609 336 650 metallis
375 607 592 666 purgandis
632 611 799 650 scoriam
839 611 1039 666 excoquit.
1105 609 1306 652 Christum
1349 623 1508 667 quoque
1541 610 1591 651 ad

96 691 389 749 quadruplicem
421 692 526 733 hunc
557 692 797 749 baptismum
830 701 1026 749 spectasse
1059 696 1153 735 satis
1187 702 1333 735 certum
1366 702 1436 735 est.
1490 693 1588 735 Nam

95 790 232 832 agmen
266 776 372 818 ducit
403 775 623 833 baptismus
659 789 810 833 aquae,
855 778 922 833 qui
961 779 1034 818 rite
1067 779 1323 834 suscipientes
1355 793 1426 835 per
1458 778 1590 834 scpul-

96 874 203 901 crum
225 862 513 917 resipiscentiae
536 859 586 901 ad
607 875 750 901 novam
772 862 892 902 vitam
916 860 1047 902 evehit
1069 858 1200 914 (Rom.
1225 861 1290 911 Vl,
1316 860 1354 911 3,
1377 859 1436 914 4).
1486 861 1589 903 Haec

96 952 154 985 est
184 946 449 1000 reyeneratio.
512 944 682 994 Deinde,
722 943 962 1000 baptismum
993 945 1100 1001 iynis
1132 944 1401 1002 aggredimur,
1436 948 1475 986 in
1508 960 1587 1002 quo

96 1026 269 1084 Spiritus
309 1027 478 1070 Sanctus
526 1031 691 1070 scoriam
739 1034 930 1070 nostram*
962 1031 1150 1086 excoquit
1195 1036 1232 1070 et
1276 1029 1380 1071 colat
1418 1032 1589 1072 animum

95 1119 286 1163 nostrum,
312 1114 412 1154 sicut
433 1127 572 1154 aurum
595 1120 663 1154 aut
684 1121 888 1169 argentum
911 1110 1068 1167 (Matth,
1087 1113 1147 1163 III,
1170 1111 1236 1155 11.
1263 1112 1432 1155 Malach.
1449 1114 1509 1165 ΠΙ,
1530 1111 1586 1166 3).

94 1194 198 1237 Haec
220 1204 278 1237 est
299 1197 581 1255 sanctzficatio.
630 1195 779 1246 Tertio,
813 1195 1010 1253 baptismo
1039 1203 1173 1239 terrae
1202 1212 1433 1255 purgamur,
1468 1210 1587 1255 quum

95 1281 207 1335 quasi
239 1281 382 1320 semine
410 1281 516 1336 jacto
549 1288 674 1322 terrae
707 1282 998 1331 committimur,
1032 1290 1078 1322 ut
1102 1281 1192 1323 inde
1223 1296 1475 1339 resurgamus
1508 1285 1590 1339 spi-

93 1363 195 1404 ritali
245 1378 411 1420 corpore
461 1363 588 1405 induti
632 1361 798 1417 (Matth.
829 1364 941 1415 XIII,
975 1363 1044 1407 39.
1082 1363 1100 1406 1
1132 1364 1224 1407 Cor.
1255 1365 1345 1415 XV,
1380 1364 1434 1407 35
1467 1363 1586 1424 sqq).

94 1445 197 1489 Haec
229 1455 288 1488 est
316 1462 437 1488 mors.
486 1447 675 1505 Denique,
711 1448 761 1490 ad
790 1448 1029 1505 baptismum
1051 1450 1160 1491 venti
1180 1449 1410 1500 accedimus,
1444 1451 1484 1491 in
1507 1465 1586 1507 quo

87 1529 215 1585 judex
246 1539 381 1572 noster
412 1533 524 1588 quasi
555 1532 773 1574 ventilabro
807 1548 880 1574 suo
915 1547 1042 1574 aream
1072 1532 1343 1590 perpurgabit,
1382 1542 1431 1584 et,
1465 1547 1588 1591 quum

93 1614 223 1670 paleas
264 1614 531 1671 dissipaverit,
573 1615 724 1658 honum
764 1616 1001 1659 frumentum
1040 1618 1081 1658 in
1122 1619 1348 1674 granarium
1381 1632 1497 1660 suum
1528 1634 1589 1662 se-

93 1705 216 1753 ponet
249 1695 406 1751 (Matth.
429 1698 488 1750 HI,
517 1696 601 1753 12).
650 1700 736 1742 Hoc
759 1709 817 1742 est
838 1716 1039 1743 summum
1049 1701 1270 1757 y'udieium,
1306 1702 1415 1759 quod
1438 1704 1588 1745 zizania

94 1795 115 1821 a
145 1780 252 1822 bono
286 1784 429 1823 semine
463 1781 672 1840 separabit,
707 1784 813 1841 quod
847 1784 977 1827 bonos
1010 1800 1133 1842 agnos
1167 1800 1189 1827 a
1220 1789 1418 1843 protervis
1447 1787 1586 1829 hoedis

95 1863 305 1921 dispescet,
342 1866 392 1907 ad
424 1866 533 1923 quod
563 1870 809 1925 prospiciens
842 1882 1162 1926 unumquemque
1194 1878 1375 1912 nostrum
1407 1870 1481 1912 sibi
1512 1872 1587 1927 ipsi

94 1949 340 1993 insusurrare
373 1959 550 2007 oportet:
1117 1936 1122 1943 ι

539 2064 638 2116 Ergo
660 2066 691 2104 si
712 2066 783 2105 scis
806 2068 1016 2116 qualitatem

540 2139 642 2176 Tuae
663 2140 784 2186 sortis,
804 2140 1030 2190 voluptatem

541 2210 666 2249 Carnis
690 2222 800 2260 quare
822 2212 1011 2260 sequeris?

539 2282 719 2320 Memento
740 2290 776 2320 te
797 2285 1027 2330 moriturum,

539 2355 587 2392 Et
607 2362 692 2405 post
711 2362 867 2392 mortem
888 2355 926 2392 id
947 2367 1163 2402 messurum,

541 2426 647 2468 Quod
665 2427 727 2465 hic
747 2428 994 2465 seminaveris.

97 2528 176 2576 Sed
205 2542 250 2576 ut
281 2534 484 2578 redeamus
518 2537 567 2579 ad
594 2540 780 2595 mysticas
804 2537 1044 2581 Graecorum
1074 2538 1319 2589 traditiones,
1352 2552 1434 2580 non
1464 2534 1585 2580 modo

97 2631 198 2674 aqua
229 2617 499 2661 lustrabantur
532 2617 720 2677 (Hesych.
744 2637 781 2663 v.
810 2616 1020 2677 ὗδρανός·
1054 2619 1076 2663 ὃ
1103 2617 1306 2677 ἁγνιστῆς
1336 2621 1420 2663 τῶν
1446 2616 1587 2663 Ἐλευμ

98 2697 279 2754 σινίων),
312 2701 430 2759 idque
462 2703 574 2745 salsis
606 2702 812 2754 fluctibus,
857 2703 927 2745 ubi
957 2719 1062 2746 mare
1093 2713 1251 2761 praesto
1285 2712 1367 2746 erat
1398 2701 1584 2762 (Hesych.

97 2781 238 2824 ἅλαδε
266 2780 434 2837 μύσται,
465 2786 652 2843 Polyaen.
675 2787 735 2837 111,
763 2784 846 2840 11),
882 2787 951 2829 sed
982 2795 1076 2843 post
1100 2789 1358 2829 initiationem
1380 2787 1456 2829 sibi
1486 2789 1587 2830 invi-

98 2880 177 2908 cem
210 2866 491 2919 acclamabant,
531 2884 642 2911 »sese
674 2885 694 2911 c
725 2872 823 2912 mari
854 2872 894 2912 in
926 2879 1068 2913 terram
1099 2870 1231 2913 salvos
1262 2872 1506 2929 pervenisse,
1550 2874 1588 2911 et

97 2947 171 2991 sub
212 2957 314 2993 tecto
361 2953 437 2994 tuti
476 2959 744 3009 tempestatem
786 2955 886 2998 vitae
927 2953 1022 2997 foris
1071 2953 1372 3001 debacchantem
1418 2952 1585 2998 audire«

1257 3035 1303 3073 10
