1867 3301
964 201 1062 247 148

263 340 491 392 γίγνεσθαι
521 348 847 397 anteponeremus
879 337 926 381 τὸ
959 341 1088 390 εἶναι,
1121 348 1286 397 quantas
1319 339 1456 382 turbas
1489 341 1633 382 cierent
1662 339 1756 382 Dia-

264 423 416 464 lectici?
458 423 536 464 Eos
571 425 637 479 qui
668 422 784 464 fidem
808 421 955 464 Christi
986 424 1223 480 profitentur
1243 422 1358 465 bonis
1393 422 1577 480 operibus
1606 425 1755 465 incum-

263 505 354 547 bere
394 515 432 547 et
471 514 630 563 oportet
669 514 707 547 et
747 521 847 563 opus
889 515 958 548 est.
1014 507 1148 564 Itaque
1185 508 1358 556 tametsi,
1400 515 1446 547 ut
1487 505 1753 548 Catechismus

262 588 505 646 Anglicanus
539 589 665 639 docet,
698 589 795 631 nihil
828 589 875 630 ab
908 592 954 630 iis
985 592 1052 646 qui
1073 589 1326 647 baptizantur
1347 591 1580 646 requirimus
1602 598 1756 646 praeter

262 674 568 727 resipiscentiam
601 681 638 714 et
668 672 802 723 fidem,
837 681 967 714 tamen
999 682 1247 730 susceptores
1278 673 1468 730 baptizati
1488 672 1647 714 infantis
1668 672 1756 729 pol·

261 756 446 806 licentur,
487 772 568 798 non
609 756 737 798 solum
776 758 1081 813 resipiscentia-m
1114 757 1198 812 ejus
1230 765 1267 798 et
1298 755 1433 807 fidem,
1472 770 1608 797 verum
1640 757 1753 797 etiam

263 854 377 881 eum«
410 848 581 880 sanctam
604 839 675 880 Dei
698 839 940 881 voluntatem
973 849 1011 881 et
1040 840 1144 881 illius
1176 839 1359 881 mandata
1387 848 1634 881 servaturum
1657 853 1752 889 esse,

263 931 301 963 et
332 925 371 963 in
403 925 449 964 iis
482 931 673 979 perpetuo
708 922 1032 964 ambulaturum«
1078 922 1176 963 Nam
1208 925 1262 963 ita
1295 923 1448 964 demum
1481 938 1503 963 a
1533 924 1660 978 primo
1686 922 1752 962 illo

262 1020 386 1062 aquae
408 1005 604 1062 baptismo
629 1006 678 1047 ad
701 1006 915 1047 secundum
940 1006 1111 1062 Spiritus
1133 1005 1384 1061 baptismum,
1412 1019 1510 1062 quae
1533 1013 1592 1046 est
1612 1007 1754 1046 sancti-

260 1089 390 1130 ficatio
424 1098 572 1139 nostra,
608 1089 839 1130 accedimus.
887 1088 1078 1145 Denique,
1112 1088 1349 1130 vocabulum
1370 1089 1481 1130 salus
1500 1088 1562 1129 vel
1582 1088 1752 1130 salvatio

263 1172 475 1228 duplicem,
510 1174 534 1212 i.
559 1187 591 1213 e.
615 1181 693 1213 tam
717 1174 888 1228 priorem
912 1186 1028 1229 quam
1049 1172 1275 1213 ulteriorem
1297 1172 1618 1229 significationem
1640 1186 1753 1228 prae·

262 1263 350 1296 stat.
399 1255 630 1311 Baptizatos
664 1271 798 1297 omnes
830 1256 963 1297 salvos
994 1270 1077 1297 esse
1111 1252 1152 1309 (i.
1176 1271 1208 1298 e.
1233 1253 1492 1309 σωζομένους
1513 1255 1671 1311 velqui
1703 1253 1753 1294 ad

260 1339 426 1379 salutem
467 1339 781 1395 consequendam
820 1341 893 1381 iter
930 1335 1167 1395 incipiunt),
1209 1341 1303 1380 satis
1342 1347 1509 1380 testatur
1540 1338 1649 1378 locus
1690 1337 1751 1379 ille

259 1423 502 1471 notissimus,
536 1421 624 1464 Act.
648 1422 791 1478 Apost.
813 1422 858 1463 Π.
891 1438 955 1463 vv.
978 1420 1183 1463 40-47.
1234 1422 1286 1463 Et
1316 1421 1540 1478 symbolum
1570 1429 1750 1462 nostrum

259 1504 573 1546 Athanasianum
613 1507 686 1546 rite
724 1505 911 1546 declarat:
953 1507 1205 1562 »quicunque
1236 1505 1323 1546 vult
1351 1506 1486 1547 salvus
1517 1519 1620 1555 esse,
1661 1512 1750 1545 ante

260 1589 391 1628 omnia
432 1603 533 1643 opus
575 1596 634 1628 est
673 1596 717 1628 ut
759 1596 890 1629 teneat
926 1588 1042 1629 fidem
1084 1589 1363 1638 catholicam,«
1403 1588 1442 1629 h.
1478 1603 1509 1630 e.
1549 1588 1663 1630 fidem
1703 1587 1750 1628 de

264 1670 523 1712 Sacrosancta
547 1670 761 1721 Trinitateg
794 1686 907 1712 nemo
941 1673 1040 1712 enim
1063 1673 1102 1712 in
1123 1671 1334 1713 Ecclesiam
1356 1679 1566 1727 cooptatur
1586 1673 1660 1712 nisi
1682 1672 1750 1727 qui

258 1752 483 1809 baptizatus
523 1753 641 1794 fuerit
679 1756 719 1794 in
759 1756 915 1795 nomine
954 1754 1082 1795 Patris
1122 1763 1160 1795 et
1197 1753 1286 1795 Filii
1326 1762 1364 1795 et
1403 1753 1575 1810 Spiritus
1616 1753 1749 1795 Sancti

259 1833 419 1889 (Matth.
442 1836 629 1885 XXVIII,
665 1834 747 1889 19).
797 1836 877 1878 Sed
907 1836 1009 1878 idem
1042 1836 1265 1893 symbolum
1295 1838 1548 1893 pronuntiat:
1588 1851 1748 1878 »omnes

257 1918 436 1960 homines
467 1921 659 1961 rationem
690 1919 915 1961 reddituros
949 1935 1032 1961 esse
1065 1919 1111 1961 de
1143 1919 1252 1961 factis
1275 1922 1460 1977 propriis,
1496 1928 1534 1962 et
1555 1921 1622 1976 qui
1642 1919 1748 1961 bona

259 2003 426 2058 egerint,
475 2004 601 2044 ituros
640 2004 680 2043 in
719 2004 838 2044 vitam
880 2011 1094 2052 aeternam,
1142 2005 1209 2059 qui
1248 2017 1341 2044 vero
1382 2003 1500 2054 mala,
1541 2005 1582 2044 in
1619 2005 1747 2060 ignem

257 2093 498 2126 aeternum«
553 2085 626 2126 Est
669 2087 790 2142 igitur
830 2086 994 2127 ulterior
1031 2086 1214 2127 vocabuli
1255 2087 1461 2142 σωτηρίας
1499 2086 1744 2143 significatio.

255 2167 430 2209 Denotat
457 2183 538 2209 non
558 2167 678 2209 modo
702 2170 983 2225 ingressionem
1004 2171 1045 2210 in
1065 2169 1275 2211 Ecclesiam
1297 2169 1508 2220 visibilem,
1543 2169 1613 2210 sed
1633 2171 1745 2210 etiam

257 2250 567 2292 conciliationem
589 2253 691 2292 vitae
723 2260 912 2294 aeternae.
960 2252 1065 2294 Haec
1096 2261 1225 2294 autem
1258 2267 1306 2293 ex
1338 2254 1504 2294 introitu
1528 2252 1587 2293 vel
1617 2254 1746 2293 initia—

255 2334 362 2373 tione
404 2331 613 2388 cujuslibet
653 2333 823 2374 hominis
864 2334 1062 2390 profluere
1101 2350 1181 2376 non
1222 2343 1373 2390 potest3
1420 2349 1509 2376 nam
1550 2334 1659 2391 quod
1698 2334 1744 2376 de

254 2416 546 2456 circumcisione
584 2415 751 2465 Paulus,
799 2416 901 2457 idem
946 2431 1020 2458 nos
1069 2416 1116 2457 de
1154 2416 1350 2473 baptismo
1393 2417 1517 2459 dicere
1558 2416 1743 2459 debemus

255 2494 358 2549 (Gal.
377 2497 450 2546 VI,
479 2494 570 2550 15):
613 2497 660 2539 ἓν
689 2498 861 2555 Χριστῷ
884 2496 1020 2553 Ἰησοῦ
1052 2495 1152 2540 οὔτε
1182 2497 1386 2554 περιτομή
1416 2515 1455 2540 τι
1486 2497 1618 2553 ἷσχύει
1648 2499 1744 2542 οὔτε

253 2575 533 2633 ἀκροβυστία,
576 2574 692 2620 ἀλλὰ
731 2577 853 2636 καινή
896 2582 1042 2630 κτίσις,
1083 2590 1119 2622 et
1156 2581 1251 2638 quid
1284 2583 1335 2623 sit
1365 2583 1429 2623 illa
1460 2579 1584 2638 καινή
1615 2584 1743 2631 κτίσις

251 2662 333 2701 sive
372 2676 477 2703 nova
508 2663 588 2702 vita
624 2663 706 2716 jam
746 2672 833 2705 ante
875 2663 1061 2705 docuerat
1093 2661 1158 2716 (V,
1184 2662 1249 2716 6);
1292 2673 1350 2706 est
1382 2667 1482 2706 enim
1514 2666 1651 2713 πίστις
1683 2662 1738 2706 δι’

251 2736 421 2797 ἆγαπῆς
458 2743 753 2800 ἐνεργουμένη,
793 2760 882 2787 nam
914 2748 1005 2787 viva
1043 2746 1107 2786 illa
1141 2746 1252 2804 fides
1283 2762 1387 2803 quae
1419 2763 1502 2803 per
1532 2749 1741 2790 caritatem

251 2831 447 2880 operatur
479 2829 651 2868 continet
682 2829 721 2868 in
754 2841 794 2869 se
824 2827 1101 2883 perfectionem
1124 2830 1226 2870 vitae
1251 2827 1508 2880 Christianae,
1542 2829 1591 2871 ad
1624 2843 1738 2887 quam

251 2908 366 2948 etiam
388 2909 579 2964 probitas
597 2909 858 2953 Israelitarum
889 2909 1121 2967 pertinebat,
1156 2913 1342 2968 quoniam
1372 2908 1585 2968 πλήρωμα
1604 2911 1739 2966 νόμου
