1867 3301
798 205 894 252 321

99 348 222 404 gisse‚
263 359 345 388 non
383 347 458 387 nisi
489 343 643 387 Jehova
682 346 913 403 adjuvante,
954 345 1164 402 profitetur
1194 345 1417 402 relligiosus
1450 345 1595 387 Psalmi

98 433 223 472 nostri
256 432 438 487 scriptor.
489 428 594 483 Quid
627 428 812 486 quaeris?
846 430 939 471 haec
972 438 1076 479 sunt,
1112 431 1266 486 siquae
1289 438 1393 478 sunt,
1429 444 1593 471 coaevae

98 515 434 555 commentationis
468 513 620 554 indicia.
683 514 1007 555 Vetustissimum
1050 522 1179 555 autem
1216 513 1292 554 hoc
1325 527 1477 554 carmen
1510 528 1593 554 esse

97 611 142 638 eo
177 596 470 654 comprobatur,
505 597 615 653 quod
645 599 684 638 in
717 597 906 646 secunda,
947 597 1023 637 hoc
1061 606 1139 646 est,
1182 598 1453 653 antiquissima
1483 596 1594 637 Psal-

96 696 250 723 morum
281 680 562 722 Davidicorum
598 682 788 730 sectione,
831 696 917 722 cum
956 683 1002 721 iis
1043 681 1200 737 hymnis
1240 682 1307 736 qui
1333 679 1397 729 ‚ad
1429 679 1593 721 Davidis

96 765 299 806 historiam
330 766 511 821 proxime
544 773 734 821 spectant,
768 744 973 820 pristinam
1008 763 1137 805 sedem
1169 765 1322 805 retinet.
1370 764 1457 805 Huc
1487 778 1593 805 aece-

96 848 162 889 dat
194 848 329 890 crebra
358 848 423 889 illa
455 848 575 904 hujus
609 850 833 905 scriptionis
867 850 906 889 in
928 847 1155 889 Jasharanis
1187 847 1387 888 cantilenis
1411 848 1589 889 imitatio.

94 931 192 973 Nam
239 941 451 989 postquam
499 931 670 973 Davides
722 932 997 989 significasset,
1053 946 1094 973 se
1140 945 1269 988 regem
1315 930 1459 972 sactum
1508 945 1592 972 esse

95 1014 309 1065 Sichemae,
344 1014 600 1065 Gileaditidis,
635 1015 963 1065 llvlanassaeitidis,
997 1016 1143 1056 scilicet
1174 1029 1306 1056 earum
1339 1016 1392 1055 cis
1425 1022 1462 1055 et
1483 1022 1591 1055 trans

92 1098 311 1140 Jordanum
342 1101 561 1156 regionum,
597 1098 664 1140 ubi
695 1099 878 1142 Abnerus
910 1098 1217 1140 Ishboshethum
1250 1099 1488 1139 constituere
1519 1112 1592 1138 vo·-

94 1183 231 1224 luisset
270 1180 314 1236 (2
337 1182 442 1224 Sam.
465 1183 516 1232 II,
541 1182 580 1232 8,
606 1181 669 1236 9),
711 1183 820 1224 addit
858 1183 1115 1239 Ephraimum
1158 1196 1241 1223 esse
1278 1180 1404 1222 robur
1452 1182 1590 1238 capitis

94 1269 168 1316 sui,
200 1267 389 1308 ,Judacam
422 1275 551 1308 autem
582 1274 785 1323 sceptrum
818 1262 997 1334 (ΡΡΠὨ)
1033 1265 1107 1307 sibi
1138 1265 1346 1307 tradidisse
1370 1262 1451 1318 (vv.
1471 1264 1510 1315 8,
1530 1262 1587 1318 9).

94 1350 169 1392 Ubi
202 1353 290 1407 quis
322 1366 402 1392 non
436 1350 712 1392 animadvertit
733 1359 932 1392 auctorem
954 1350 1237 1392 benedictionis
1259 1348 1451 1409 Jacobeae
1475 1347 1587 1398 (Gen.

92 1434 244 1484 XLIX,
279 1433 350 1484 10,
384 1432 457 1488 26)
499 1434 577 1475 sere
619 1434 667 1475 ad
706 1434 826 1477 verba
864 1437 950 1491 ipsa
989 1442 1169 1475 nostrum
1217 1448 1371 1474 carmen
1413 1441 1589 1475 secutum

93 1515 210 1556 esse?
239 1514 389 1559 Deinde
420 1520 506 1574 ipsa
537 1519 685 1561 locutio
720 1518 846 1569 docet,
881 1527 1078 1560 auctorem
1102 1518 1390 1558 vaticinationis
1413 1516 1587 1566 Bileami,

93 1614 214 1655 quum
237 1600 283 1642 de
306 1602 379 1643 hae
400 1604 485 1659 ipsa
506 1602 793 1652 Idumaeorum,
827 1601 1106 1651 Moabitarum,
1142 1601 1386 1657 aliorumque
1413 1601 1589 1642 hostium

93 1684 428 1727 tumultuosorum
461 1685 718 1728 debellatione
743 1688 978 1728 mentionem
1001 1685 1162 1734 faceret,
1197 1685 1303 1726 hunc
1327 1686 1458 1740 ipsum
1478 1684 1590 1725 Psal-

92 1782 196 1809 mum
219 1764 300 1821 (vv.
324 1767 388 1819 11,
413 1767 483 1823 14)
507 1778 595 1811 ante
618 1770 754 1811 oculos
778 1769 963 1811 habuisse
987 1766 1092 1822 (vide
1109 1768 1226 1810 Num.
1244 1767 1391 1817 XXIV,
1410 1766 1476 1817 17,
1501 1763 1585 1820 18).

90 1851 146 1892 Ita
180 1854 286 1893 omni
325 1868 375 1894 ex
413 1862 524 1909 parte
557 1868 744 1910 apparere
777 1853 892 1894 debet
924 1853 1028 1895 hunc
1060 1851 1259 1893 Psalmum
1291 1850 1454 1892 Davidis
1489 1865 1585 1899 esse,

92 1943 130 1976 et
161 1934 210 1976 ad
242 1951 324 1978 eam
355 1936 519 1978 Davidis
552 1939 757 1979 victoriam
789 1944 963 1994 spectare
996 1937 1160 1992 quaein
1190 1935 1306 1976 titulo
1330 1934 1584 1991 significatur.

90 2018 307 2061 Jasharana
339 2021 422 2076 ejus
455 2020 607 2062 indoles
638 2020 866 2077 ubicunque
903 2021 1116 2076 conspicua
1156 2026 1234 2069 est,
1277 2026 1314 2059 et
1351 2020 1384 2059 si
1415 2017 1586 2060 Davides

92 2111 229 2145 auctor
250 2113 343 2154 erat,
376 2104 567 2146 Davidem
599 2105 699 2146 hanc
722 2106 973 2161 scriptionem
1006 2119 1027 2145 a
1057 2102 1210 2160 populo
1245 2117 1318 2145 suo
1344 2101 1586 2145 decantatam

91 2187 263 2229 voluisse
294 2203 364 2244 per
395 2203 436 2230 se
468 2191 562 2231 satis
594 2189 729 2245 liquet.

207 2272 250 2313 In
282 2271 412 2314 verbis
445 2273 565 2329 hujus
599 2274 735 2314 cantici
767 2287 848 2314 non
879 2271 1002 2313 mult-a
1041 2279 1154 2321 sunt,
1196 2284 1295 2328 quae
1334 2270 1584 2326 interpretem

92 2355 330 2406 desiderent,
372 2357 577 2414 philologo
619 2357 767 2407 saltim,
802 2355 957 2413 qualem
988 2363 1025 2397 te
1056 2355 1181 2412 fingo,
1223 2354 1358 2395 lector.
1423 2352 1587 2395 Siclzem

91 2436 145 2492 (v.
169 2437 213 2493 8)
253 2448 336 2482 erat
374 2440 470 2482 urbs
518 2443 557 2482 in
606 2449 791 2482 montana
837 2438 1134 2496 Ephraimitidis
1180 2440 1358 2494 regione,
1410 2435 1586 2478 Sucooth

91 2531 218 2564 autem
251 2524 441 2581 oppidum
473 2524 702 2566 Gaditarum
734 2532 841 2565 trans
863 2522 1082 2564 Jordanum
1115 2523 1153 2561 in
1188 2520 1419 2562 Gileaditide
1451 2522 1581 2561 situm.

92 2605 210 2659 Quod
249 2609 303 2648 ait
339 2623 409 2649 rex
448 2623 488 2649 se
527 2608 688 2649 devictis
719 2606 907 2649 Moabitis
946 2614 1133 2661 tanquam
1172 2604 1287 2646 labro
1328 2604 1490 2645 eluacro
1523 2603 1585 2644 vel

83 2690 265 2745 pellurio
297 2705 462 2732 usurum
495 2692 716 2748 profitetur,
749 2693 980 2746 interpretes
1015 2687 1126 2729 obliti
1151 2695 1244 2728 sunt
1275 2689 1314 2727 in
1336 2689 1389 2728 rei
1412 2687 1583 2729 illustra-

93 2774 236 2814 tionem
276 2774 411 2815 afferre
448 2774 576 2815 locum
610 2774 802 2816 Herodoti
836 2770 895 2826 (ll,
924 2770 1043 2824 172),
1086 2771 1153 2812 ubi
1186 2771 1273 2812 vilis
1317 2771 1402 2811 talis
1434 2770 1583 2811 vasculi

90 2871 187 2897 usus
230 2857 490 2914 significatur:
532 2857 688 2899 Amasis
729 2859 829 2898 enim
868 2864 914 2897 ut
943 2855 1165 2911 Aegyptios
1210 2853 1380 2895 ludibrio
1421 2853 1584 2894 haberet

91 2947 259 2981 statuam
301 2940 373 2981 Dei
414 2939 625 2982 faciendam
666 2942 818 2983 curavit
859 2938 905 2980 ἐκ
941 2937 1260 2993 ποδανιπτῆρος
1298 2937 1498 2992 χρυσέου,
1540 2933 1583 2983 ἒς

1251 3018 1292 3052 21
