1867 3301
740 182 887 253 r187

92 311 306 340 Deut.xxxll.

263 353 305 391 [9]
337 324 437 367 Nam
467 323 642 366 Jehovae
674 324 807 380 portio
841 331 900 364 cst
929 322 1035 364 Illius
1068 323 1256 380 populus,

333 407 505 450 Jacobus
538 416 597 449 est
626 407 683 448 Illi
717 415 900 463 tanquam
932 421 1115 448 mensura
1146 406 1386 456 hereditatis,

238 501 301 540 [ιο]
333 489 557 534 Assistebat
589 492 622 532 ei
655 492 694 532 in
727 489 895 540 deserto,

332 575 375 616 In
405 583 509 617 terra
540 582 664 624 vasta,
698 573 914 615 ululatibus
947 573 1101 624 referta,
1134 572 1372 631 pinguesccit
1403 588 1503 615 eum.

335 657 616 713 Circumsepsit
647 671 734 698 eum
766 656 956 714 undique,
992 672 1123 699 curam
1156 658 1239 713 ejus
1271 659 1404 715 gessit,

335 740 562 784 Custodivit
593 755 680 782 eum
713 749 758 782 ut
790 740 892 782 oculi
925 742 986 782 sui
1016 741 1219 798 pupillam.

237 835 299 873 [11]
335 824 673 880 Quemadmodum
705 824 836 881 aquila
867 823 1013 865 assidet
1034 823 1127 865 nido
1161 839 1248 874 suo,

332 909 383 950 Et
414 923 533 964 super
563 908 680 965 pullis
714 909 795 949 suis
828 907 936 949 molli
968 906 1055 949 fotu
1086 906 1257 958 incubat,

332 992 528 1049 Expansis
561 991 630 1033 alis
662 993 744 1032 suis
777 1006 844 1033 eos
877 999 1084 1042 sustentat,

334 1075 534 1132 Tollitque
566 1090 633 1116 eos
667 1089 786 1131 super
816 1077 954 1132 pennis
988 1077 1092 1126 suis3

237 1168 299 1207 [ιε]
331 1160 388 1201 Ita
418 1158 571 1201 Jehova
603 1158 712 1200 solus
746 1172 834 1199 eum
866 1158 993 1208 duxit,

331 1240 410 1284 Nec
441 1242 516 1283 fuit
548 1257 635 1284 curn
666 1257 711 1284 eo
745 1241 852 1284 Deus
885 1242 1055 1292 alienus3

236 1335 298 1374 [13]
331 1325 453 1367 Vexit
485 1341 572 1367 cum
604 1325 655 1368 ad
684 1327 883 1383 regionem
915 1334 1154 1376 montanam,

330 1409 382 1452 Ut
413 1424 599 1467 agrorum
629 1408 810 1466 frugibus
843 1418 1076 1459 vesceretur,

329 1493 508 1535 Lactavit
538 1508 627 1535 eum
658 1493 768 1535 melle
801 1491 847 1534 de
878 1501 1002 1549 petra,

328 1577 380 1619 Et
411 1577 497 1619 oleo
532 1576 578 1618 de
610 1576 715 1618 silice
746 1577 870 1632 rupis,

234 1670 296 1709 [14]
328 1660 444 1702 Lacte
478 1662 607 1716 spisso
641 1661 803 1701 armenti
837 1668 874 1702 et
905 1658 1028 1701 fluido
1061 1660 1158 1702 lacte
1190 1662 1344 1717 pecoris
1378 1661 1498 1711 ovilli,

330 1742 430 1786 Cum
463 1743 576 1800 adipe
609 1758 801 1800 agnorum

326 1827 378 1869 Et
408 1827 721 1869 Basaniticorum
755 1829 919 1869 arietum
952 1835 990 1869 ct
1020 1827 1232 1878 hircorum,

326 1911 666 1953 Praestantissima
699 1912 813 1952 tritici
845 1910 1033 1961 medulla;

329 1994 569 2051 Sanguinem
600 2009 787 2044 uvarum,
820 1996 956 2035 vinum
987 2008 1136 2035 merum
1168 1993 1316 2036 bibisti.

234 2086 297 2126 [15]
330 2078 386 2120 At
416 2080 617 2135 saginatus
651 2085 710 2119 est
738 2075 943 2121 Jeshurun
973 2086 1011 2118 ct
1041 2078 1309 2119 recalcitravit.

328 2160 540 2218 Saginatus
573 2160 702 2211 suisti,
736 2164 987 2211 incrassatus,
1023 2161 1136 2218 adipe
1169 2161 1386 2203 obductus!

327 2245 431 2286 Tum
464 2244 636 2286 deseruit
667 2245 794 2288 Deum
825 2253 1038 2287 creatorem
1071 2260 1199 2296 suum,

326 2328 377 2370 Et
407 2328 561 2385 Rupem
594 2328 730 2370 salutis
763 2343 856 2369 suae
889 2328 1105 2385 vilipendit.

229 2421 291 2460 [16]
324 2413 544 2469 Peregrinis
579 2411 652 2453 diis
685 2413 922 2469 zelotypiam
953 2413 1059 2454 Illius
1092 2412 1376 2470 provocabant,

323 2495 459 2537 Rebus
492 2495 764 2538 abominandis
797 2496 898 2537 Eum
931 2495 1149 2538 irritabant.

228 2588 291 2628 [ιτ]
326 2578 607 2621 Sacrificabant
638 2579 752 2621 idolis
787 2594 885 2636 quae
917 2595 999 2622 non
1031 2589 1141 2622 crant
1172 2580 1291 2628 Deus,

326 2663 409 2704 Diis
443 2678 543 2719 quos
576 2678 657 2704 non
688 2672 894 2713 noverant,

324 2745 461 2796 Novis,
496 2748 563 2802 qui
597 2762 646 2788 ex
678 2748 820 2788 vicinia
852 2755 1056 2796 venerunt,

326 2828 436 2883 Quos
468 2844 549 2871 non
582 2830 787 2872 coluerunt
817 2838 948 2886 patres
983 2832 1114 2871 vestri.

231 2920 293 2959 [18]
325 2911 499 2967 Rupem‚
535 2927 634 2969 quae
665 2922 702 2956 te
733 2916 881 2970 genuit,
917 2913 1171 2970 dereliquisti,
