1867 3301
877 204 1068 276 ἡ336

389 344 430 386 111
471 351 581 385 sexta
617 343 783 401 stropha
826 340 914 397 (vv.
947 343 1063 386 29—
1078 341 1157 398 36)
1197 342 1420 387 Praefectus
1460 345 1569 387 chori
1606 347 1758 397 iterum,

274 436 457 483 tanquam
489 429 744 469 concionator
765 428 918 484 aliquis,
953 436 1182 485 suggestum
1217 428 1454 479 conscendit,
1488 437 1604 486 atque
1627 445 1760 471 omnes

271 510 519 552 Jeliovicolas
566 511 613 551 ad
660 519 806 552 tantam
847 511 966 567 hujus
1006 511 1078 552 Dei
1119 513 1356 568 majestatem
1397 513 1683 570 agnoscendam
1723 522 1761 555 et

271 603 491 635 reverenter
530 594 796 636 celebrandam
837 597 991 636 excitat.
1045 595 1083 636 V
1086 597 1292 637 aticinatur
1330 598 1401 637 iste
1442 597 1556 637 simul
1596 605 1634 638 et
1670 612 1760 653 pre-

272 686 393 719 catur.
442 678 513 718 Dei
545 678 735 719 auxilium
768 686 805 720 et
835 678 1021 734 implorat
1040 687 1089 731 et
1110 681 1315 736 promittit.
1357 680 1604 721 Praesentem
1626 679 1759 736 templi

270 760 618 817 Hierosolymitani
641 762 817 819 gloriam,
842 770 1046 803 venturam
1063 777 1175 804 verae
1199 763 1413 819 relligionis
1431 766 1756 820 propagationem

271 843 459 895 declarat3
494 854 532 886 ct
561 859 683 902 paene
715 853 933 902 auguratur
954 845 1130 887 futurum
1160 855 1205 887 ut
1225 862 1345 903 regna
1367 847 1485 902 liujus
1509 847 1643 888 mundi
1664 847 1759 888 fiant

269 943 389 985 regna
419 928 593 970 Jehovae
627 938 663 970 et
696 928 843 970 Christi
876 930 959 984 ejus
994 927 1137 986 (Apoc.
1160 929 1228 979 XI,
1255 927 1339 982 15).

387 1012 565 1069 Denique
596 1014 805 1053 universus
841 1010 998 1053 Chorus
1038 1013 1153 1069 plena
1184 1028 1280 1054 voce
1319 1015 1502 1055 succinit:
1542 1012 1759 1055 Laudetur

269 1095 413 1137 Deus!
445 1104 482 1137 et
513 1096 671 1138 assiduo
706 1104 823 1137 cantu
853 1104 1024 1138 resonat.

386 1263 447 1304 Ex
479 1263 552 1304 hac
584 1265 827 1305 enarratione
850 1262 1015 1314 videbis,
1049 1264 1204 1319 opinor,
1238 1262 1333 1304 nihil
1366 1263 1428 1304 hic
1453 1263 1565 1319 justo
1599 1277 1641 1305 ac
1661 1263 1756 1320 legi-

270 1348 362 1387 timo
403 1349 573 1403 poemati
612 1349 717 1388 omni
750 1362 797 1388 ex
829 1356 939 1404 parte
972 1346 1155 1388 absoluto
1190 1347 1343 1397 deesse,
1386 1349 1515 1388 omnia
1546 1355 1674 1388 autem
1707 1345 1755 1388 ad

267 1431 398 1486 templi
433 1430 714 1471 dedicationem
747 1438 839 1487 apta
871 1445 966 1471 esse.
1015 1429 1176 1487 Nequeo
1210 1432 1330 1487 igitur
1361 1432 1539 1472 assentiri
1570 1430 1753 1471 Maurero

267 1528 345 1554 non
387 1514 504 1555 modo
544 1529 664 1570 quum
705 1514 806 1555 hanc
845 1514 1073 1555 cantilenam
1110 1522 1205 1570 post
1241 1522 1462 1570 reparatum
1503 1529 1525 1554 a
1565 1512 1755 1554 defunctis

267 1597 405 1637 exsilio
438 1598 626 1653 templum
660 1597 900 1639 decantatam
923 1612 1006 1638 esse
1031 1596 1196 1652 judicat,
1230 1611 1365 1638 verum
1393 1599 1506 1638 ctiam
1529 1611 1651 1654 quum
1672 1610 1754 1637 eam

268 1680 542 1721 »artificiosius
575 1695 690 1737 quam
724 1681 936 1737 elegantius
970 1694 1151 1721 carmen«
1186 1680 1465 1721 contumeliose
1498 1680 1679 1737 appellat.

383 1764 587 1820 Expositis
603 1755 664 1804 his
684 1763 866 1805 omnihus
886 1764 1075 1819 nihiljam
1094 1778 1296 1819 superesse
1314 1764 1390 1805 1100
1407 1764 1493 1804 1000
1512 1764 1606 1804 mihi
1622 1761 1750 1811 video,

267 1861 382 1903 quam
400 1855 444 1888 ut
455 1862 591 1888 versus
607 1847 799 1904 quosdam
816 1847 1082 1903 impeditiores
1097 1847 1338 1903 philologico
1354 1848 1522 1887 examini
1536 1845 1752 1902 subjiciam.

383 1930 424 1971 In
451 1946 488 1971 v.
512 1929 540 1972 4
571 1930 691 1972 habes
713 1930 969 1971 Jasharanam
1001 1931 1121 1986 hujus
1154 1932 1332 1971 carminis
1365 1929 1548 1970 indolem.
1596 1928 1752 1970 Probos

266 2022 304 2054 ct
328 2014 461 2068 justos
493 2013 645 2055 Jeliova
687 2029 757 2054 51111
790 2014 910 2055 tutela
942 2013 1060 2055 fovet.
1116 2013 1216 2055 Hinc
1248 2028 1397 2054 sumina
1428 2013 1493 2054 illa
1525 2011 1752 2053 Solomonei

264 2099 373 2153 regni
406 2096 578 2147 felicitas,
613 2111 724 2153 quae,
759 2111 848 2138 arca
878 2099 918 2138 in
952 2097 1136 2153 templum
1159 2096 1358 2146 translata,
1394 2095 1442 2137 ad
1464 2095 1662 2152 fastigium
1684 2093 1752 2135 diu

264 2188 461 2234 speratum
495 2188 626 2221 evecta
658 2189 728 2221 est.
776 2179 829 2221 Ut
859 2189 972 2222 antea
1003 2182 1157 2229 notavi,
1196 2180 1374 2220 ultimum
1407 2179 1484 2220 1100
1514 2178 1751 2219 Jasharanae

264 2262 502 2304 collectionis
543 2278 684 2320 poema
714 2262 897 2319 frequens
931 2271 989 2304 est
1020 2265 1059 2304 in
1091 2263 1255 2304 citandis
1288 2263 1371 2303 aliis
1405 2261 1578 2317 ejusdem
1611 2261 1751 2302 antho-

262 2346 388 2402 logiae
429 2346 641 2388 cantilenis.
697 2346 823 2387 Etiam
864 2348 1064 2404 antiquior
1095 2346 1158 2386 illa
1200 2345 1324 2387 forma
1355 2349 1410 2412 1·Ἶῖ
1440 2360 1504 2385 vv.
1536 2344 1581 2395 5,
1616 2342 1668 2386 19
1701 2343 1750 2384 ad

261 2429 390 2470 Exod.
414 2429 504 2479 XV,
529 2429 555 2470 2
588 2438 749 2485 spectat,
785 2444 898 2486 quem
931 2429 1060 2470 locum
1081 2429 1228 2470 Jesaias
1263 2443 1422 2485 quoque
1444 2429 1658 2469 imitatione
1681 2440 1749 2468 ex-

261 2515 404 2568 pressit
435 2510 549 2565 (XII,
574 2510 631 2566 2).
685 2513 804 2554 Recte
835 2521 967 2553 monet
997 2512 1203 2554 Maurerus
1237 2515 1340 2557 1722)
1373 2511 1464 2555 ΓῚἾΞ
1496 2510 1654 2551 relative
1687 2523 1749 2550 ca-

260 2595 401 2650 pienda
433 2610 529 2636 csse.
569 2595 718 2637 Versus
742 2594 767 2637 6
801 2596 850 2636 ad
881 2595 1138 2637 Jasharanum
1171 2564 1449 2650 Fragmentum
1477 2592 1593 2634 Deut.
1615 2592 1666 2641 X,
1695 2590 1748 2633 18

262 2686 392 2734 aperte
412 2680 582 2734 respicit.
622 2678 685 2719 Ex
709 2694 743 2719 v.
770 2677 793 2718 7
817 2678 990 2728 Η111111110,
1025 2677 1133 2735 quod
1156 2685 1331 2726 vocatur,
1364 2678 1555 2717 canticum
1578 2672 1618 2728 (1
1640 2673 1744 2716 Sam.

260 2761 302 2810 II,
329 2759 372 2813 5)
404 2763 763 2817 interpretationem
795 2763 944 2817 accipit,
979 2770 1016 2802 et
1047 2761 1152 2802 vides
1185 2760 1286 2800 illam
1319 2759 1556 2800 locutionem
1586 2772 1667 2798 non
1700 2755 1745 2797 de

262 2846 444 2900 quapiam
476 2843 628 2894 femina,
663 2859 762 2900 quae
795 2853 907 2886 antea
939 2845 1080 2886 sterilis
1113 2842 1263 2892 fuisset,
1297 2842 1366 2884 sed
1398 2841 1444 2883 de
1475 2842 1652 2897 potentia
1672 2839 1742 2880 Dei

262 2928 300 2967 in
333 2942 472 2983 genere
505 2927 792 2984 intelligendam
825 2941 920 2969 0550.
