1867 3301
964 194 1061 239 174

263 326 459 388 Diffi-tit?
492 335 599 399 '0‘be
632 315 700 400 η17
732 336 858 393 Ἶᾛῗῒ,
903 331 1115 373 »indicavit
1148 332 1237 382 tibi,
1274 347 1296 373 o
1330 333 1463 383 homo,
1498 333 1626 383 Deus,
1661 334 1756 390 quid

262 413 413 455 bonum
445 416 542 465 sit«,
577 429 655 471 quo
689 423 767 456 tam
800 414 849 456 ad
873 415 1081 465 Dcut.VI,
1111 414 1221 457 1—3
1255 431 1371 472 quam
1404 416 1453 457 ad
1485 417 1600 458 Deut.
1623 416 1674 467 X,
1704 415 1754 458 13

263 497 392 540 refert.
457 497 499 539 Si
549 500 649 539 enim
688 499 882 540 Israelitae
931 498 1105 540 debitum
1146 499 1230 540 Deo
1273 498 1444 540 officium
1489 499 1753 556 praestabant,

262 581 359 623 bene
392 583 486 638 ipsis
519 580 696 623 futurum
730 591 811 624 erat
844 579 1025 643 (2195'03
1067 584 1106 623 in
1137 591 1278 624 terram
1311 583 1413 624 illam
1445 583 1562 625 rebus
1597 586 1754 641 optimis

263 653 526 708 abundantem
558 669 714 707 venturi
747 675 857 708 erant
889 664 978 720 (VI,
1004 665 1069 719 3),
1104 675 1220 723 atque
1252 669 1306 708 ita
1339 666 1560 709 obedientia
1592 669 1630 709 in
1660 683 1755 724 pro-

261 750 385 804 priam
418 751 595 806 ipsorum
627 750 833 791 utilitatem
857 734 1037 810 (25'037)
1062 760 1144 792 erat
1166 765 1323 814 cessura
1345 747 1421 804 (X,
1450 748 1534 804 13).
1581 752 1637 793 Ita
1659 751 1756 793 illud

262 827 359 880 :ito
399 841 569 890 utroque
609 834 695 875 loco
739 835 977 891 explicatur,
1005 815 1172 891 ‘plenius
1211 836 1348 891 utique
1385 837 1517 891 priore
1549 834 1752 891 particula.

264 915 382 970 Quod
423 919 602 973 sequitur
641 919 680 958 in
712 918 929 974 prophetae
962 920 1219 974 responsione
1252 917 1302 959 ad
1334 918 1492 959 alteram
1524 918 1754 974 particulam

260 1003 427 1057 propius
459 1003 630 1058 respicit.
694 1000 793 1042 Nam
826 999 981 1070 mntem
1015 997 1166 1050 ΠἽῗΔἯ,
1189 1002 1397 1055 judicium
1419 1000 1568 1058 facere
1598 1017 1617 1044 e
1648 1001 1755 1044 Deu-

260 1086 481 1125 teronomio
512 1084 570 1134 X,
600 1084 652 1126 18
688 1093 827 1126 mutuo
861 1088 1049 1135 sumitur,
1092 1088 1200 1154 ἾῖΞΓἹ
1233 1088 1405 1135 ῙἻΞἽΝ,
1449 1100 1567 1127 amor
1596 1086 1753 1127 misem-

262 1168 439 1222 cordiae,
472 1169 612 1209 nititur
644 1170 682 1210 in
705 1169 1028 1219 Deuteronomio,
1062 1169 1121 1219 X,
1141 1147 1216 1211 19.
1268 1148 1386 1222 Quod
1408 1184 1500 1211 vero
1526 1171 1643 1211 tertio
1665 1169 1751 1211 loeo

259 1252 397 1307 posuit
427 1233 690 1321 ἢᾞ17ζζ·ῦᾘ
723 1236 832 1321 17317
864 1257 1032 1302 mmm
1076 1260 1113 1294 et
1150 1253 1391 1295 submissum
1423 1268 1505 1294 esse
1536 1253 1581 1294 in
1611 1253 1753 1295 ambu-

261 1334 385 1376 lando
418 1350 558 1377 coram
587 1336 695 1390 Deo,
739 1351 859 1393 quum
893 1336 943 1377 ad
974 1337 1089 1378 Deut.
1113 1335 1172 1386 X,
1199 1335 1254 1378 20
1285 1335 1419 1378 referri
1450 1338 1597 1393 possit,
1636 1336 1752 1378 altius

259 1417 379 1459 habet
425 1417 721 1461 fundamentum
761 1422 800 1461 in
839 1422 1071 1477 gravissima
1110 1420 1176 1461 illa
1214 1420 1368 1462 divinae
1410 1419 1653 1461 obedientiae
1694 1422 1753 1461 in-

253 1501 459 1556 junctione
491 1517 607 1559 quam
639 1503 832 1546 Dominus
870 1512 1006 1546 noster
1038 1505 1172 1545 citavit
1204 1519 1252 1545 ex
1284 1503 1400 1545 Deut.
1419 1504 1492 1554 VI,
1524 1502 1563 1545 5.
1629 1502 1752 1557 Quin-

259 1587 374 1626 etiam
406 1586 533 1627 scriba
564 1587 647 1637 ille,
682 1590 749 1644 qui
771 1588 983 1629 Dominum
1016 1587 1304 1644 interrogabat,
1338 1588 1492 1629 Michae
1523 1588 1652 1629 locum
1673 1595 1753 1628 sta-

258 1677 342 1710 tum
364 1670 568 1727 conjungit
590 1686 676 1712 cum
699 1680 812 1713 sexto
838 1671 1136 1713 Deuteronomii
1160 1673 1284 1728 capite
1307 1668 1444 1724 (Marc.
1466 1671 1550 1721 XII,
1575 1669 1643 1721 32,
1664 1668 1750 1724 33).

260 1751 340 1794 Sed
370 1753 441 1794 has
472 1755 684 1810 particulas
718 1758 758 1796 in
789 1771 912 1797 unum
945 1770 1088 1812 corpus
1121 1754 1346 1797 conflandas
1380 1770 1463 1797 esse
1493 1756 1577 1811 ipse
1603 1756 1751 1797 utrius-

259 1852 334 1893 que
367 1845 575 1879 contextus
608 1839 830 1895 plenissime
864 1839 1119 1881 demonstrat.
1167 1838 1266 1880 Nam
1298 1841 1408 1896 prior
1436 1838 1501 1879 illa
1521 1840 1667 1895 portio,
1702 1853 1751 1880 ex

259 1936 337 1979 qua
367 1922 481 1964 Jesus
513 1922 721 1964 medullam
743 1923 928 1980 Decalogi
962 1923 1241 1964 extrahendam
1272 1925 1440 1973 censuit,
1475 1924 1587 1979 quasi
1609 1930 1750 1979 sponte

258 2020 329 2046 sua
361 2005 520 2047 deducit
550 2006 599 2047 ad
631 2006 747 2048 Dent.
770 2007 830 2057 X,
861 2006 931 2057 12,
961 2005 1032 2058 13,
1074 2021 1244 2064 quorum
1275 2022 1479 2057 versuum,
1523 2014 1568 2048 ut
1597 2006 1751 2048 Roseu-

257 2089 443 2131 miillerus
477 2089 722 2141 observavit,
758 2105 896 2132 sensus
931 2099 989 2132 est
1020 2091 1102 2133 hic:
1137 2091 1288 2133 »Deum
1322 2090 1369 2133 ab
1395 2090 1578 2133 Israelitis
1610 2098 1750 2146 postu-

257 2172 335 2215 lare
367 2175 525 2215 nonnisi
558 2173 686 2215 officia
718 2189 780 2225 ea,
816 2189 915 2232 quae
947 2183 984 2217 et
1015 2174 1207 2217 humanae
1232 2184 1395 2217 naturae
1418 2183 1456 2216 et
1477 2174 1593 2216 saluti
1614 2188 1748 2215 eorum

258 2258 336 2298 sint
369 2271 469 2298 conx
472 2259 747 2299 e1mntiss1ma
759 2275 776 2293 α
837 2258 889 2300 Et
928 2258 1093 2300 eundem
1125 2261 1238 2316 quasi
1271 2260 1500 2316 sanguinem
1531 2273 1574 2299 ac
1605 2272 1748 2300 nervos

256 2340 380 2397 legis
372 2356 411 2381 111
429 2356 465 2382 v.
482 2339 534 2383 16
552 2344 814 2399 agnoscimus,
839 2341 907 2383 ubi
929 2342 1072 2399 legitul
1092 2327 1278 2404 ΕΞΞΞ17
1298 2327 1459 2411 Π17731·
1441 2346 1539 2410 ’Πζζ
1560 2324 1745 2410 ΠΠ1773Ἶ,

258 2425 531 2467 circumcidite
561 2426 832 2481 praeputium
867 2426 1001 2466 coodis
1031 2427 1162 2466 vestri.
1224 2406 1333 2467 Hanc
1366 2406 1594 2467 sententiam
1625 2439 1747 2480 paene

259 2507 518 2550 Christianam
561 2511 694 2550 citavit
724 2508 907 2550 ,Ieremias
940 2508 1006 2558 IV,
1030 2507 1071 2550 4.
1133 2508 1278 2550 Eadem
1318 2516 1479 2550 resonat
1519 2510 1558 2549 in
1591 2509 1746 2565 scriptis

256 2593 483 2649 apostolicis
508 2589 634 2646 (Paul.
657 2592 730 2649 Ep.
755 2592 804 2633 ad
825 2592 940 2634 Rom.
963 2592 1006 2642 H,
1033 2590 1100 2642 28,
1122 2590 1190 2634 29.
1225 2592 1274 2634 ad
1297 2591 1452 2634 Coloss.
1476 2592 1518 2642 H,
1543 2589 1626 2646 11).
1667 2590 1747 2633 Nec

256 2675 363 2716 aliud
384 2676 511 2717 voluit
536 2676 695 2727 Paulus,
731 2691 850 2733 quum
882 2675 942 2717 bis
976 2674 1196 2716 declarabat
1226 2678 1265 2716 in
1290 2674 1448 2717 Christo
1482 2690 1552 2717 nce
1584 2677 1747 2717 eircum-

257 2760 441 2800 cisionem
473 2760 687 2816 quidquam
718 2760 907 2816 prodesse
939 2773 1009 2800 nec
1039 2761 1328 2815 praeputiatum
1360 2773 1570 2810 remanere,
1606 2760 1682 2800 nisi
1713 2759 1745 2800 si

257 2845 345 2900 quis
378 2857 460 2884 eam
490 2846 822 2900 regenerationem
855 2851 1056 2884 assecutus
1089 2851 1202 2893 esset,
1236 2857 1334 2900 quae
1365 2843 1505 2885 infide
1528 2851 1566 2884 et
1587 2844 1745 2884 caritate

256 2935 436 2970 versetur
476 2924 549 2981 (ad
588 2926 671 2969 Gal.
695 2927 743 2978 V,
777 2925 815 2969 6.
864 2927 935 2978 VI,
964 2923 1056 2980 15).
1119 2926 1317 2984 Denique,
1365 2928 1398 2968 si
1437 2925 1612 2968 secunda
1649 2925 1746 2967 hacc
