1867 3301
807 191 835 239 2
848 192 868 238 1
880 192 960 261 7Μ

111 337 214 378 unde
255 337 331 377 hoe
371 334 572 377 oraculum
613 332 863 388 desumptum
905 340 1006 373 esset
1044 340 1081 373 et
1122 332 1214 372 huie
1246 333 1515 373 vaticinationi
1548 334 1606 373 in-

112 429 270 462 sertum.
333 417 520 460 Absurda
553 425 611 458 est
642 415 843 457 Michaelis
887 416 1111 471 conjectura
1144 416 1405 471 antiquiorem
1438 415 1604 472 aliquem

110 518 258 560 regem,
294 501 471 559 Ogygem
504 509 620 557 puta,
654 499 730 540 hoe
762 499 849 540 loeo
884 500 1006 539 innui.
1073 497 1239 540 Constat
1271 497 1455 556 Agagum
1487 501 1604 540 istum

110 594 310 643 potentem
349 599 478 642 regem
518 583 658 633 fuisse,
704 591 906 624 cruentum
944 581 1170 623 bellatorem
1205 579 1244 635 (1
1272 581 1377 624 Sam.
1400 581 1490 632 XV,
1517 579 1604 636 33).

113 668 293 711 Ceterum
343 669 574 724 exstirpatio
623 667 686 707 illa
727 665 1066 722 Amalequitarum
1107 681 1187 706 non
1228 665 1347 707 modo
1389 665 1607 708 declaratur

110 752 226 793 Num.
250 752 398 801 XXIV,
424 750 499 801 20,
539 750 607 792 sed
640 749 882 807 significatur
914 749 1088 789 clausula
1119 749 1182 790 hie
1214 751 1344 791 statim
1377 751 1605 807 insequente

110 851 147 876 v.
168 835 207 886 8,
242 834 310 876 ubi
343 835 643 892 sanguinolenta
677 832 866 890 quaedam
889 834 1053 873 victoria
1088 832 1335 874 describitur.
1381 831 1480 874 Nam
1511 833 1605 875 mihi

111 921 368 961 certissimum
409 927 487 971 est²
538 933 666 960 veram
706 917 911 958 lectionem
952 930 1035 957 eam
1077 930 1159 956 esse
1201 930 1318 972 quam
1360 931 1410 957 ex
1446 916 1603 957 Psalmo

111 1002 289 1051 LXVIII,
316 1001 372 1043 24
404 1002 614 1057 desumpsi.
664 1000 720 1042 lbi
753 1002 854 1041 enim
886 999 988 1041 idem
1022 998 1185 1041 verbum
1210 1003 1321 1068 γῆς
1355 1014 1440 1041 eum
1473 1014 1606 1042 neces-

112 1089 214 1128 sario
239 1086 511 1142 supplemento
536 1086 775 1126 invenimus:
808 1084 915 1152 ΠἹΞ
940 1066 1069 1153 ’ῆιᾙᾏ
1090 1087 1261 1153 ᾟΞἹΏΠ,
1298 1083 1604 1141 »contorquehis

111 1170 247 1227 pedem
280 1178 392 1210 tuum
415 1171 454 1210 in
477 1170 708 1225 sanguinem<
754 1167 937 1209 Profecto
960 1176 1135 1224 praestat
1155 1167 1470 1224 supplementum
1498 1171 1605 1215 'CI-l:

111 1262 297 1310 tanquam
331 1252 444 1293 simili
476 1252 693 1293 litterarum
728 1251 870 1301 ductu,
913 1253 981 1308 qui
1013 1253 1192 1308 sequitur
1223 1254 1338 1301 ῊἾῺ,
1373 1250 1605 1308 absorptum

110 1338 315 1378 restituere
346 1338 502 1392 potius,
543 1350 659 1392 quam
691 1335 791 1376 idem
825 1333 1061 1376 vocabulum
1096 1334 1323 1376 duriuscula
1353 1335 1479 1392 ellipsi
1511 1335 1605 1377 sub-

111 1419 265 1469 audire,
300 1434 347 1460 ne
380 1419 503 1460 dicam
536 1419 613 1461 hoe
645 1418 910 1460 additamento
943 1421 1096 1459 tertiam
1120 1410 1604 1475 parallelismiclausulam

110 1504 418 1544 numerosiorem
450 1502 546 1544 fieri.

515 1708 563 1745 IN
574 1725 579 1729 ·
597 1707 838 1751 QUARTAM
868 1706 1198 1745 PARTICULAM.

229 1838 281 1881 Ut
311 1841 352 1880 in
382 1840 497 1880 tertia
521 1838 714 1895 particula
736 1836 846 1879 Sauli
869 1839 1075 1886 victoriae,
1109 1839 1162 1878 ita
1185 1845 1324 1893 quarta
1347 1837 1419 1879 hac
1441 1837 1603 1880 Davidis

110 1937 171 1965 res
203 1931 334 1979 gestae
367 1922 649 1979 significantur.
702 1920 801 1962 Nam
832 1920 990 1962 stellam
1021 1921 1124 1961 illam
1157 1929 1193 1962 et
1224 1928 1428 1977 sceptrum
1459 1921 1508 1963 ad
1531 1937 1605 1979 po-

111 2007 371 2047 tentissimum
403 2005 508 2047 hune
539 2020 670 2062 regem
702 2013 876 2060 spectare
908 2019 1021 2045 nemo
1056 2003 1235 2045 dubitare
1266 2013 1411 2061 potest.
1462 2004 1604 2047 Stellae

111 2091 210 2130 enim
244 2097 337 2130 sunt
368 2090 481 2146 quasi
506 2088 680 2130 Jehovae
714 2089 898 2137 ministri,
934 2095 972 2128 et
1003 2096 1219 2144 sceptrum,
1255 2102 1334 2144 quo
1368 2096 1502 2145 gentes
1536 2104 1604 2131 ex-

112 2182 212 2214 teras
237 2171 472 2222 contundat,
507 2171 650 2213 Davidi
672 2174 748 2227 ipsi
770 2171 960 2212 tribuitur
982 2168 1063 2225 (Ps.
1086 2171 1130 2222 II,
1155 2169 1212 2224 9).
1263 2171 1455 2214 Davidem
1475 2181 1603 2215 autem

110 2256 307 2299 Moabitas
350 2255 587 2313 confregisse
620 2264 658 2296 et
689 2264 837 2296 eeteros
870 2256 1026 2306 hostes,
1070 2257 1137 2313 qui
1171 2264 1305 2297 contra
1339 2270 1427 2297 eum
1458 2256 1604 2299 tumul-

111 2340 336 2390 tuabantur,
369 2339 572 2381 Idumaeae
606 2354 765 2396 quoque
796 2338 992 2395 praesidia
1023 2341 1279 2397 imposuisse,
1303 2348 1359 2381 .ut
1382 2343 1605 2396 possessio-

110 2439 177 2466 nes
211 2439 301 2465 suas
336 2424 600 2473 confirmaret,
635 2432 800 2465 testatur
832 2423 998 2464 historia
1031 2421 1073 2477 (2
1098 2423 1203 2465 Sam.
1221 2420 1337 2476 VIII),
1373 2431 1411 2464 et
1432 2423 1602 2465 Davides

111 2511 192 2566 ipse
225 2508 511 2566 gloriabundus
551 2507 751 2564 praedicat
782 2504 941 2560 (Psalm.
964 2507 1014 2556 II,
1043 2504 1145 2560 LX).
1211 2506 1320 2560 Quae
1354 2508 1483 2547 omnia
1516 2521 1603 2548 eum

112 2594 260 2633 cantico
301 2600 439 2633 nostro
483 2591 532 2632 ad
570 2591 737 2633 litteram
777 2605 903 2647 usque
945 2592 1168 2631 concinunt.
1230 2588 1329 2630 Nam
1368 2598 1413 2631 ut
1443 2592 1604 2632 nomina

110 2677 271 2732 propria
305 2677 500 2725 omittam,
541 2675 675 2716 hostes
709 2677 755 2724 ii,
800 2676 867 2731 qui
899 2678 984 2719 ΝΗ
1017 2675 1095 2719 ³:⁴3
1119 2673 1207 2732 filii
1235 2674 1426 2730 strepitus
1458 2674 1601 2729 bellici,

112 2760 136 2799 i.
155 2774 186 2800 e.
210 2757 426 2800 turbulenti
449 2767 486 2800 et
506 2758 803 2808 tumultuantes,
828 2737 1079 2814 appellantur.
1094 2754 1157 2809 (ef.
1176 2756 1315 2798 Jerem.
1333 2756 1505 2808 XLVIII,
1525 2757 1601 2800 45:

113 2837 234 2909 3581?
266 2843 367 2891 ΌΞ,
402 2844 469 2898 qui
500 2842 610 2883 loeus
643 2857 692 2883 ex
723 2850 861 2883 nostro
888 2843 1103 2882 imitatione
1127 2855 1337 2896 expressus
1361 2838 1448 2894 est),
1483 2840 1598 2882 nobis

113 2927 152 2966 in
183 2927 408 2966 memoriam
438 2939 622 2967 revocare
655 2924 798 2967 debent
827 2927 980 2967 initium
1012 2924 1156 2966 Psalmi
1188 2924 1367 2967 secundit
