<?xml version="1.0" encoding="UTF-8"?>
<!DOCTYPE html PUBLIC "-//W3C//DTD XHTML 1.0 Transitional//EN"
    "http://www.w3.org/TR/xhtml1/DTD/xhtml1-transitional.dtd">
<html xmlns="http://www.w3.org/1999/xhtml" xml:lang="en" lang="en">
 <head>
  <title>
</title>
<meta http-equiv="Content-Type" content="text/html;charset=utf-8" />
  <meta name='ocr-system' content='tesseract 3.04.00' />
  <meta name='ocr-capabilities' content='ocr_page ocr_carea ocr_par ocr_line ocrx_word'/>
</head>
<body>
  <div class='ocr_page' id='page_1' title='image "./jasharfragmentaa00dona_0281.png"; bbox 0 0 1867 3301; ppageno 0'>
   <div class='ocr_carea' id='block_1_1' title="bbox 795 193 942 264">
    <p class='ocr_par' dir='ltr' id='par_1_1' title="bbox 795 193 942 264">
     <span class='ocr_line' id='line_1_1' title="bbox 795 193 942 264; baseline 0 -25"><span class='ocrx_word' id='word_1_1' title='bbox 795 193 942 264; x_wconf 32' lang='lat'>202-</span> 
     </span>
    </p>
   </div>
   <div class='ocr_carea' id='block_1_2' title="bbox 93 330 1591 1811">
    <p class='ocr_par' dir='ltr' id='par_1_2' title="bbox 93 330 1591 1811">
     <span class='ocr_line' id='line_1_2' title="bbox 99 330 1591 390; baseline -0.002 -14"><span class='ocrx_word' id='word_1_2' title='bbox 99 343 226 384; x_wconf 90' lang='lat' dir='ltr'>erant‚</span> <span class='ocrx_word' id='word_1_3' title='bbox 270 334 456 390; x_wconf 83' lang='lat' dir='ltr'>quamdiu</span> <span class='ocrx_word' id='word_1_4' title='bbox 496 341 690 375; x_wconf 85' lang='lat' dir='ltr'>restarent</span> <span class='ocrx_word' id='word_1_5' title='bbox 728 341 881 374; x_wconf 79' lang='lat' dir='ltr'>montes·</span> <span class='ocrx_word' id='word_1_6' title='bbox 923 333 974 373; x_wconf 90' lang='lat' dir='ltr'>illi</span> <span class='ocrx_word' id='word_1_7' title='bbox 1019 334 1085 389; x_wconf 90' lang='lat' dir='ltr'>qui</span> <span class='ocrx_word' id='word_1_8' title='bbox 1126 333 1165 372; x_wconf 91' lang='lat' dir='ltr'>in</span> <span class='ocrx_word' id='word_1_9' title='bbox 1195 330 1399 387; x_wconf 88' lang='lat' dir='ltr'>Ephraimi</span> <span class='ocrx_word' id='word_1_10' title='bbox 1439 340 1477 373; x_wconf 85' lang='lat' dir='ltr'>ct</span> <span class='ocrx_word' id='word_1_11' title='bbox 1505 331 1591 373; x_wconf 90' lang='lat' dir='ltr'>Ma-</span> 
     </span>
     <span class='ocr_line' id='line_1_3' title="bbox 98 414 1591 476; baseline -0.003 -17"><span class='ocrx_word' id='word_1_12' title='bbox 98 432 236 459; x_wconf 80' lang='lat' dir='ltr'>nassae</span> <span class='ocrx_word' id='word_1_13' title='bbox 268 416 412 458; x_wconf 90' lang='lat' dir='ltr'>finibus</span> <span class='ocrx_word' id='word_1_14' title='bbox 446 419 704 458; x_wconf 75' lang='lat' dir='ltr'>eminuerunt.</span> <span class='ocrx_word' id='word_1_15' title='bbox 768 415 1017 457; x_wconf 82' lang='lat' dir='ltr'>Vocabulum</span> <span class='ocrx_word' id='word_1_16' title='bbox 1051 418 1164 476; x_wconf 55' lang='grc' dir='ltr'>ἾἾᾎ,</span> <span class='ocrx_word' id='word_1_17' title='bbox 1199 423 1243 455; x_wconf 90' lang='lat' dir='ltr'>ut</span> <span class='ocrx_word' id='word_1_18' title='bbox 1274 414 1396 464; x_wconf 84' lang='lat' dir='ltr'>videS,</span> <span class='ocrx_word' id='word_1_19' title='bbox 1429 418 1591 472; x_wconf 86' lang='lat' dir='ltr'>propria</span> 
     </span>
     <span class='ocr_line' id='line_1_4' title="bbox 99 498 1591 558; baseline -0.001 -17"><span class='ocrx_word' id='word_1_20' title='bbox 99 500 207 543; x_wconf 84' lang='lat' dir='ltr'>verbi</span> <span class='ocrx_word' id='word_1_21' title='bbox 241 500 523 558; x_wconf 83' lang='lat' dir='ltr'>significatione</span> <span class='ocrx_word' id='word_1_22' title='bbox 563 502 704 556; x_wconf 82' lang='lat' dir='ltr'>accepi.</span> <span class='ocrx_word' id='word_1_23' title='bbox 768 498 866 540; x_wconf 89' lang='lat' dir='ltr'>Nam</span> <span class='ocrx_word' id='word_1_24' title='bbox 902 508 946 540; x_wconf 88' lang='lat' dir='ltr'>ut</span> <span class='ocrx_word' id='word_1_25' title='bbox 976 508 1123 540; x_wconf 87' lang='lat' dir='ltr'>taceam</span> <span class='ocrx_word' id='word_1_26' title='bbox 1157 498 1202 540; x_wconf 90' lang='lat' dir='ltr'>de</span> <span class='ocrx_word' id='word_1_27' title='bbox 1234 499 1495 555; x_wconf 88' lang='lat' dir='ltr'>pulcherrima</span> <span class='ocrx_word' id='word_1_28' title='bbox 1526 499 1591 539; x_wconf 90' lang='lat' dir='ltr'>illa</span> 
     </span>
     <span class='ocr_line' id='line_1_5' title="bbox 98 582 1591 640; baseline -0.001 -16"><span class='ocrx_word' id='word_1_29' title='bbox 98 584 262 640; x_wconf 84' lang='lat' dir='ltr'>Josephi</span> <span class='ocrx_word' id='word_1_30' title='bbox 293 584 477 634; x_wconf 87' lang='lat' dir='ltr'>historia,</span> <span class='ocrx_word' id='word_1_31' title='bbox 528 598 627 640; x_wconf 88' lang='lat' dir='ltr'>quac</span> <span class='ocrx_word' id='word_1_32' title='bbox 666 591 905 639; x_wconf 79' lang='lat' dir='ltr'>postremam</span> <span class='ocrx_word' id='word_1_33' title='bbox 946 582 1142 624; x_wconf 86' lang='lat' dir='ltr'>Geneseos</span> <span class='ocrx_word' id='word_1_34' title='bbox 1192 591 1342 639; x_wconf 89' lang='lat' dir='ltr'>partem</span> <span class='ocrx_word' id='word_1_35' title='bbox 1382 582 1591 623; x_wconf 86' lang='lat' dir='ltr'>dramatiea</span> 
     </span>
     <span class='ocr_line' id='line_1_6' title="bbox 99 666 1591 724; baseline -0.001 -15"><span class='ocrx_word' id='word_1_36' title='bbox 99 668 267 724; x_wconf 90' lang='lat' dir='ltr'>quadam</span> <span class='ocrx_word' id='word_1_37' title='bbox 299 669 449 708; x_wconf 89' lang='lat' dir='ltr'>actione</span> <span class='ocrx_word' id='word_1_38' title='bbox 476 667 659 717; x_wconf 84' lang='lat' dir='ltr'>vivificat,</span> <span class='ocrx_word' id='word_1_39' title='bbox 694 669 787 707; x_wconf 88' lang='lat' dir='ltr'>satis</span> <span class='ocrx_word' id='word_1_40' title='bbox 815 674 924 722; x_wconf 88' lang='lat' dir='ltr'>patet</span> <span class='ocrx_word' id='word_1_41' title='bbox 943 666 1208 722; x_wconf 89' lang='lat' dir='ltr'>Ephraimitas</span> <span class='ocrx_word' id='word_1_42' title='bbox 1232 668 1394 707; x_wconf 83' lang='lat' dir='ltr'>seorsim</span> <span class='ocrx_word' id='word_1_43' title='bbox 1417 668 1456 707; x_wconf 90' lang='lat' dir='ltr'>in</span> <span class='ocrx_word' id='word_1_44' title='bbox 1486 675 1591 709; x_wconf 88' lang='lat' dir='ltr'>terra</span> 
     </span>
     <span class='ocr_line' id='line_1_7' title="bbox 99 749 1588 806; baseline -0.001 -13"><span class='ocrx_word' id='word_1_45' title='bbox 99 750 293 793; x_wconf 86' lang='lat' dir='ltr'>Goshenis</span> <span class='ocrx_word' id='word_1_46' title='bbox 334 750 531 791; x_wconf 83' lang='lat' dir='ltr'>habitasse</span> <span class='ocrx_word' id='word_1_47' title='bbox 578 759 694 806; x_wconf 91' lang='lat' dir='ltr'>atque</span> <span class='ocrx_word' id='word_1_48' title='bbox 746 749 834 790; x_wconf 85' lang='lat' dir='ltr'>inde</span> <span class='ocrx_word' id='word_1_49' title='bbox 879 758 1124 805; x_wconf 78' lang='lat' dir='ltr'>erumpentes</span> <span class='ocrx_word' id='word_1_50' title='bbox 1165 749 1400 791; x_wconf 76' lang='lat' dir='ltr'>philistaeos</span> <span class='ocrx_word' id='word_1_51' title='bbox 1441 751 1588 806; x_wconf 84' lang='lat' dir='ltr'>rapinis</span> 
     </span>
     <span class='ocr_line' id='line_1_8' title="bbox 98 832 1588 889; baseline 0 -14"><span class='ocrx_word' id='word_1_52' title='bbox 98 834 312 876; x_wconf 83' lang='lat' dir='ltr'>infestasse.</span> <span class='ocrx_word' id='word_1_53' title='bbox 383 834 441 875; x_wconf 89' lang='lat' dir='ltr'>Ita</span> <span class='ocrx_word' id='word_1_54' title='bbox 479 836 579 875; x_wconf 89' lang='lat' dir='ltr'>enim</span> <span class='ocrx_word' id='word_1_55' title='bbox 622 835 869 889; x_wconf 88' lang='lat' dir='ltr'>interpretari</span> <span class='ocrx_word' id='word_1_56' title='bbox 906 833 996 874; x_wconf 88' lang='lat' dir='ltr'>licet</span> <span class='ocrx_word' id='word_1_57' title='bbox 1035 835 1327 889; x_wconf 81' lang='lat' dir='ltr'>antiquissimae</span> <span class='ocrx_word' id='word_1_58' title='bbox 1367 832 1588 875; x_wconf 85' lang='lat' dir='ltr'>traditionis</span> 
     </span>
     <span class='ocr_line' id='line_1_9' title="bbox 99 914 1589 974; baseline -0.001 -15"><span class='ocrx_word' id='word_1_59' title='bbox 99 920 261 974; x_wconf 82' lang='lat' dir='ltr'>vestigia</span> <span class='ocrx_word' id='word_1_60' title='bbox 295 914 334 970; x_wconf 86' lang='lat'>(1</span> <span class='ocrx_word' id='word_1_61' title='bbox 359 917 530 974; x_wconf 89' lang='lat' dir='ltr'>Paralip.</span> <span class='ocrx_word' id='word_1_62' title='bbox 554 917 637 966; x_wconf 89' lang='lat' dir='ltr'>Vll,</span> <span class='ocrx_word' id='word_1_63' title='bbox 662 916 730 958; x_wconf 86' lang='grc'>21.</span> <span class='ocrx_word' id='word_1_64' title='bbox 763 917 937 966; x_wconf 84' lang='lat' dir='ltr'>Bunsen,</span> <span class='ocrx_word' id='word_1_65' title='bbox 970 916 1183 973; x_wconf 78' lang='lat' dir='ltr'>Aegypten</span> <span class='ocrx_word' id='word_1_66' title='bbox 1210 916 1238 966; x_wconf 90' lang='grc' dir='ltr'>Ι,</span> <span class='ocrx_word' id='word_1_67' title='bbox 1273 931 1312 973; x_wconf 90' lang='lat' dir='ltr'>p.</span> <span class='ocrx_word' id='word_1_68' title='bbox 1337 914 1452 969; x_wconf 82' lang='lat'><strong>220).</strong></span> <span class='ocrx_word' id='word_1_69' title='bbox 1517 916 1589 958; x_wconf 87' lang='lat' dir='ltr'>Sin</span> 
     </span>
     <span class='ocr_line' id='line_1_10' title="bbox 96 999 1590 1062; baseline -0.001 -20"><span class='ocrx_word' id='word_1_70' title='bbox 96 1003 220 1042; x_wconf 86' lang='lat' dir='ltr'>mavis</span> <span class='ocrx_word' id='word_1_71' title='bbox 245 1005 336 1062; x_wconf 65' lang='grc' dir='ltr'>Ἶᾞ</span> <span class='ocrx_word' id='word_1_72' title='bbox 370 1016 458 1042; x_wconf 88' lang='lat' dir='ltr'>cum</span> <span class='ocrx_word' id='word_1_73' title='bbox 485 1001 632 1042; x_wconf 87' lang='lat' dir='ltr'>Dathio</span> <span class='ocrx_word' id='word_1_74' title='bbox 667 1001 842 1056; x_wconf 74' lang='lat' dir='ltr'>optimus</span> <span class='ocrx_word' id='word_1_75' title='bbox 874 1000 934 1041; x_wconf 85' lang='lat' dir='ltr'>vel</span> <span class='ocrx_word' id='word_1_76' title='bbox 967 1015 1052 1041; x_wconf 88' lang='lat' dir='ltr'>cum</span> <span class='ocrx_word' id='word_1_77' title='bbox 1083 999 1382 1041; x_wconf 80' lang='lat' dir='ltr'>Rosenmiillero</span> <span class='ocrx_word' id='word_1_78' title='bbox 1419 1000 1590 1042; x_wconf 75' lang='lat' dir='ltr'>eximius</span> 
     </span>
     <span class='ocr_line' id='line_1_11' title="bbox 96 1064 1590 1141; baseline 0 -16"><span class='ocrx_word' id='word_1_79' title='bbox 96 1083 268 1133; x_wconf 81' lang='lat' dir='ltr'>reddere,</span> <span class='ocrx_word' id='word_1_80' title='bbox 303 1064 482 1141; x_wconf 75' lang='lat' dir='ltr'>equidem</span> <span class='ocrx_word' id='word_1_81' title='bbox 514 1100 594 1126; x_wconf 91' lang='lat' dir='ltr'>non</span> <span class='ocrx_word' id='word_1_82' title='bbox 627 1099 819 1141; x_wconf 78' lang='lat' dir='ltr'>repugno.</span> <span class='ocrx_word' id='word_1_83' title='bbox 871 1084 929 1125; x_wconf 87' lang='lat' dir='ltr'>lta</span> <span class='ocrx_word' id='word_1_84' title='bbox 960 1085 1061 1126; x_wconf 89' lang='lat' dir='ltr'>enim</span> <span class='ocrx_word' id='word_1_85' title='bbox 1094 1083 1352 1125; x_wconf 87' lang='lat' dir='ltr'>adulatoriam</span> <span class='ocrx_word' id='word_1_86' title='bbox 1384 1083 1486 1125; x_wconf 89' lang='lat' dir='ltr'>hanc</span> <span class='ocrx_word' id='word_1_87' title='bbox 1515 1099 1590 1140; x_wconf 91' lang='lat' dir='ltr'>po-</span> 
     </span>
     <span class='ocr_line' id='line_1_12' title="bbox 96 1166 1588 1221; baseline 0 -13"><span class='ocrx_word' id='word_1_88' title='bbox 96 1169 333 1209; x_wconf 88' lang='lat' dir='ltr'>tentissimae</span> <span class='ocrx_word' id='word_1_89' title='bbox 372 1168 500 1209; x_wconf 85' lang='lat' dir='ltr'>tribus</span> <span class='ocrx_word' id='word_1_90' title='bbox 538 1168 812 1209; x_wconf 83' lang='lat' dir='ltr'>allocutionem</span> <span class='ocrx_word' id='word_1_91' title='bbox 845 1167 952 1208; x_wconf 91' lang='lat' dir='ltr'>haud</span> <span class='ocrx_word' id='word_1_92' title='bbox 985 1167 1153 1208; x_wconf 89' lang='lat' dir='ltr'>absurde</span> <span class='ocrx_word' id='word_1_93' title='bbox 1186 1166 1415 1209; x_wconf 88' lang='lat' dir='ltr'>absolveris.</span> <span class='ocrx_word' id='word_1_94' title='bbox 1480 1166 1588 1221; x_wconf 82' lang='lat' dir='ltr'>Quae</span> 
     </span>
     <span class='ocr_line' id='line_1_13' title="bbox 97 1250 1585 1307; baseline 0.001 -16"><span class='ocrx_word' id='word_1_95' title='bbox 97 1250 143 1292; x_wconf 92' lang='lat' dir='ltr'>de</span> <span class='ocrx_word' id='word_1_96' title='bbox 174 1251 442 1306; x_wconf 88' lang='lat' dir='ltr'>Benjaminitis</span> <span class='ocrx_word' id='word_1_97' title='bbox 477 1251 672 1301; x_wconf 86' lang='lat' dir='ltr'>dicuntur,</span> <span class='ocrx_word' id='word_1_98' title='bbox 704 1259 861 1307; x_wconf 78' lang='lat' dir='ltr'>gentem</span> <span class='ocrx_word' id='word_1_99' title='bbox 893 1250 1114 1307; x_wconf 79' lang='lat' dir='ltr'>significant</span> <span class='ocrx_word' id='word_1_100' title='bbox 1134 1251 1291 1292; x_wconf 88' lang='lat' dir='ltr'>militiae</span> <span class='ocrx_word' id='word_1_101' title='bbox 1324 1259 1362 1291; x_wconf 88' lang='lat' dir='ltr'>et</span> <span class='ocrx_word' id='word_1_102' title='bbox 1382 1250 1585 1292; x_wconf 87' lang='lat' dir='ltr'>latrocinio</span> 
     </span>
     <span class='ocr_line' id='line_1_14' title="bbox 94 1334 1587 1390; baseline 0 -15"><span class='ocrx_word' id='word_1_103' title='bbox 94 1336 250 1390; x_wconf 89' lang='lat' dir='ltr'>penitus</span> <span class='ocrx_word' id='word_1_104' title='bbox 285 1334 465 1376; x_wconf 87' lang='lat' dir='ltr'>deditam.</span> <span class='ocrx_word' id='word_1_105' title='bbox 514 1335 565 1376; x_wconf 80' lang='lat' dir='ltr'>Et</span> <span class='ocrx_word' id='word_1_106' title='bbox 588 1335 792 1376; x_wconf 87' lang='lat' dir='ltr'>militarem</span> <span class='ocrx_word' id='word_1_107' title='bbox 813 1334 1161 1390; x_wconf 83' lang='lat' dir='ltr'>Benjaminitarum</span> <span class='ocrx_word' id='word_1_108' title='bbox 1195 1335 1460 1376; x_wconf 79' lang='lat' dir='ltr'>excellentiam</span> <span class='ocrx_word' id='word_1_109' title='bbox 1493 1337 1587 1376; x_wconf 89' lang='lat' dir='ltr'>satis</span> 
     </span>
     <span class='ocr_line' id='line_1_15' title="bbox 97 1410 1586 1474; baseline 0.001 -16"><span class='ocrx_word' id='word_1_110' title='bbox 97 1417 391 1474; x_wconf 87' lang='lat' dir='ltr'>comprobatam</span> <span class='ocrx_word' id='word_1_111' title='bbox 422 1418 611 1460; x_wconf 91' lang='lat' dir='ltr'>habemus</span> <span class='ocrx_word' id='word_1_112' title='bbox 643 1421 684 1460; x_wconf 89' lang='lat' dir='ltr'>in</span> <span class='ocrx_word' id='word_1_113' title='bbox 715 1419 779 1459; x_wconf 88' lang='lat' dir='ltr'>illa</span> <span class='ocrx_word' id='word_1_114' title='bbox 812 1419 978 1459; x_wconf 86' lang='lat' dir='ltr'>historia</span> <span class='ocrx_word' id='word_1_115' title='bbox 1010 1433 1086 1474; x_wconf 84' lang='lat' dir='ltr'>qua</span> <span class='ocrx_word' id='word_1_116' title='bbox 1117 1427 1211 1474; x_wconf 88' lang='lat' dir='ltr'>post</span> <span class='ocrx_word' id='word_1_117' title='bbox 1237 1410 1385 1459; x_wconf 50' lang='lat' dir='ltr'>multas*</span> <span class='ocrx_word' id='word_1_118' title='bbox 1402 1420 1586 1459; x_wconf 85' lang='lat' dir='ltr'>victorias</span> 
     </span>
     <span class='ocr_line' id='line_1_16' title="bbox 95 1499 1585 1555; baseline 0 -13"><span class='ocrx_word' id='word_1_119' title='bbox 95 1500 222 1542; x_wconf 90' lang='lat' dir='ltr'>tribus</span> <span class='ocrx_word' id='word_1_120' title='bbox 262 1502 357 1544; x_wconf 88' lang='lat' dir='ltr'>haec</span> <span class='ocrx_word' id='word_1_121' title='bbox 396 1502 472 1544; x_wconf 89' lang='lat' dir='ltr'>fere</span> <span class='ocrx_word' id='word_1_122' title='bbox 513 1518 535 1543; x_wconf 88' lang='lat' dir='ltr'>a</span> <span class='ocrx_word' id='word_1_123' title='bbox 574 1504 709 1544; x_wconf 85' lang='lat' dir='ltr'>ceteris</span> <span class='ocrx_word' id='word_1_124' title='bbox 748 1502 931 1543; x_wconf 83' lang='lat' dir='ltr'>Israelitis</span> <span class='ocrx_word' id='word_1_125' title='bbox 981 1501 1104 1543; x_wconf 88' lang='lat' dir='ltr'>deleta</span> <span class='ocrx_word' id='word_1_126' title='bbox 1152 1510 1211 1542; x_wconf 86' lang='lat' dir='ltr'>est</span> <span class='ocrx_word' id='word_1_127' title='bbox 1258 1500 1373 1554; x_wconf 82' lang='lat' dir='ltr'>(Jud.</span> <span class='ocrx_word' id='word_1_128' title='bbox 1409 1516 1439 1542; x_wconf 88' lang='lat' dir='ltr'>c.</span> <span class='ocrx_word' id='word_1_129' title='bbox 1466 1499 1585 1555; x_wconf 90' lang='lat' dir='ltr'><strong>XX).</strong></span> 
     </span>
     <span class='ocr_line' id='line_1_17' title="bbox 95 1584 1585 1643; baseline 0 -17"><span class='ocrx_word' id='word_1_130' title='bbox 95 1584 258 1627; x_wconf 91' lang='lat' dir='ltr'>Davidis</span> <span class='ocrx_word' id='word_1_131' title='bbox 291 1594 419 1627; x_wconf 88' lang='lat' dir='ltr'>autem</span> <span class='ocrx_word' id='word_1_132' title='bbox 450 1585 696 1643; x_wconf 85' lang='lat' dir='ltr'>temporibus</span> <span class='ocrx_word' id='word_1_133' title='bbox 728 1586 824 1628; x_wconf 90' lang='lat' dir='ltr'>haec</span> <span class='ocrx_word' id='word_1_134' title='bbox 852 1585 992 1635; x_wconf 88' lang='lat' dir='ltr'>tribus,</span> <span class='ocrx_word' id='word_1_135' title='bbox 1028 1600 1126 1642; x_wconf 85' lang='lat' dir='ltr'>quae</span> <span class='ocrx_word' id='word_1_136' title='bbox 1148 1600 1277 1642; x_wconf 78' lang='lat' dir='ltr'>regem</span> <span class='ocrx_word' id='word_1_137' title='bbox 1299 1587 1422 1626; x_wconf 89' lang='lat' dir='ltr'>totius</span> <span class='ocrx_word' id='word_1_138' title='bbox 1446 1588 1585 1642; x_wconf 83' lang='lat' dir='ltr'>gentis,</span> 
     </span>
     <span class='ocr_line' id='line_1_18' title="bbox 95 1667 1587 1727; baseline 0 -17"><span class='ocrx_word' id='word_1_139' title='bbox 95 1667 271 1720; x_wconf 89' lang='lat' dir='ltr'>Saulum,</span> <span class='ocrx_word' id='word_1_140' title='bbox 303 1670 505 1727; x_wconf 88' lang='lat' dir='ltr'>filiumque</span> <span class='ocrx_word' id='word_1_141' title='bbox 535 1670 618 1726; x_wconf 88' lang='lat' dir='ltr'>ejus</span> <span class='ocrx_word' id='word_1_142' title='bbox 640 1669 914 1720; x_wconf 71' lang='lat' dir='ltr'>Jonathanffln,</span> <span class='ocrx_word' id='word_1_143' title='bbox 948 1669 1085 1710; x_wconf 87' lang='lat' dir='ltr'>ambos</span> <span class='ocrx_word' id='word_1_144' title='bbox 1118 1671 1260 1726; x_wconf 80' lang='lat' dir='ltr'>insigni</span> <span class='ocrx_word' id='word_1_145' title='bbox 1295 1669 1469 1710; x_wconf 87' lang='lat' dir='ltr'>militaris</span> <span class='ocrx_word' id='word_1_146' title='bbox 1501 1669 1587 1727; x_wconf 80' lang='lat' dir='ltr'>glo-</span> 
     </span>
     <span class='ocr_line' id='line_1_19' title="bbox 93 1753 1587 1811; baseline 0 -17"><span class='ocrx_word' id='word_1_147' title='bbox 93 1755 172 1794; x_wconf 85' lang='lat' dir='ltr'>riae</span> <span class='ocrx_word' id='word_1_148' title='bbox 204 1753 318 1795; x_wconf 90' lang='lat' dir='ltr'>laude</span> <span class='ocrx_word' id='word_1_149' title='bbox 339 1753 537 1804; x_wconf 90' lang='lat' dir='ltr'>florentes,</span> <span class='ocrx_word' id='word_1_150' title='bbox 572 1754 904 1811; x_wconf 86' lang='lat' dir='ltr'>suppeditaverat,</span> <span class='ocrx_word' id='word_1_151' title='bbox 937 1753 1081 1795; x_wconf 90' lang='lat' dir='ltr'>Davidi</span> <span class='ocrx_word' id='word_1_152' title='bbox 1103 1755 1177 1810; x_wconf 91' lang='lat' dir='ltr'>ipsi</span> <span class='ocrx_word' id='word_1_153' title='bbox 1204 1753 1441 1794; x_wconf 84' lang='lat' dir='ltr'>fortissimos</span> <span class='ocrx_word' id='word_1_154' title='bbox 1465 1755 1587 1809; x_wconf 88' lang='lat' dir='ltr'>stipa-</span> 
     </span>
    </p>
   </div>
   <div class='ocr_carea' id='block_1_3' title="bbox 94 1833 1584 1894">
    <p class='ocr_par' dir='ltr' id='par_1_3' title="bbox 94 1833 1584 1894">
     <span class='ocr_line' id='line_1_20' title="bbox 94 1833 1584 1894; baseline 0 -17"><span class='ocrx_word' id='word_1_155' title='bbox 94 1845 199 1878; x_wconf 86' lang='lat' dir='ltr'>tores</span> <span class='ocrx_word' id='word_1_156' title='bbox 239 1839 362 1888; x_wconf 86' lang='lat' dir='ltr'>misit,</span> <span class='ocrx_word' id='word_1_157' title='bbox 405 1839 472 1894; x_wconf 86' lang='lat' dir='ltr'>qui</span> <span class='ocrx_word' id='word_1_158' title='bbox 513 1852 600 1879; x_wconf 87' lang='lat' dir='ltr'>cum</span> <span class='ocrx_word' id='word_1_159' title='bbox 634 1836 785 1880; x_wconf 88' lang='lat' dir='ltr'>Gaditis</span> <span class='ocrx_word' id='word_1_160' title='bbox 824 1839 909 1880; x_wconf 88' lang='lat' dir='ltr'>istis</span> <span class='ocrx_word' id='word_1_161' title='bbox 951 1845 1306 1879; x_wconf 87' lang='lat' dir='ltr'>commemorantur</span> <span class='ocrx_word' id='word_1_162' title='bbox 1347 1833 1387 1890; x_wconf 92' lang='lat'>(1</span> <span class='ocrx_word' id='word_1_163' title='bbox 1413 1836 1584 1893; x_wconf 86' lang='lat' dir='ltr'>Paralip.</span> 
     </span>
    </p>
   </div>
   <div class='ocr_carea' id='block_1_4' title="bbox 92 1917 369 1977">
    <p class='ocr_par' dir='ltr' id='par_1_4' title="bbox 92 1917 369 1977">
     <span class='ocr_line' id='line_1_21' title="bbox 92 1917 369 1977; baseline 0 -16"><span class='ocrx_word' id='word_1_164' title='bbox 92 1919 177 1971; x_wconf 84' lang='lat' dir='ltr'><strong>XII,</strong></span> <span class='ocrx_word' id='word_1_165' title='bbox 204 1918 223 1963; x_wconf 92' lang='lat'>1</span> <span class='ocrx_word' id='word_1_166' title='bbox 249 1917 369 1977; x_wconf 91' lang='lat' dir='ltr'>sqq.).</span> 
     </span>
    </p>
   </div>
   <div class='ocr_carea' id='block_1_5' title="bbox 525 2161 1146 2207">
    <p class='ocr_par' dir='ltr' id='par_1_5' title="bbox 525 2161 1146 2207">
     <span class='ocr_line' id='line_1_22' title="bbox 525 2161 1146 2207; baseline -0.003 -1"><span class='ocrx_word' id='word_1_167' title='bbox 525 2162 578 2206; x_wconf 93' lang='lat' dir='ltr'>IN</span> <span class='ocrx_word' id='word_1_168' title='bbox 608 2163 824 2206; x_wconf 84' lang='lat' dir='ltr'>BILEAMJ</span> <span class='ocrx_word' id='word_1_169' title='bbox 856 2161 1146 2207; x_wconf 88' lang='lat' dir='ltr'>CANTICUM.</span> 
     </span>
    </p>
   </div>
   <div class='ocr_carea' id='block_1_6' title="bbox 92 2335 1584 2896">
    <p class='ocr_par' dir='ltr' id='par_1_6' title="bbox 92 2335 1584 2896">
     <span class='ocr_line' id='line_1_23' title="bbox 212 2335 1582 2388; baseline 0 -9"><span class='ocrx_word' id='word_1_170' title='bbox 212 2336 305 2379; x_wconf 86' lang='lat' dir='ltr'>Fuit</span> <span class='ocrx_word' id='word_1_171' title='bbox 336 2338 436 2378; x_wconf 90' lang='lat' dir='ltr'>inter</span> <span class='ocrx_word' id='word_1_172' title='bbox 455 2335 628 2378; x_wconf 84' lang='lat' dir='ltr'>Judaeos</span> <span class='ocrx_word' id='word_1_173' title='bbox 659 2345 783 2387; x_wconf 88' lang='lat' dir='ltr'>vetus,</span> <span class='ocrx_word' id='word_1_174' title='bbox 817 2345 862 2378; x_wconf 85' lang='lat' dir='ltr'>ut</span> <span class='ocrx_word' id='word_1_175' title='bbox 893 2337 1061 2388; x_wconf 83' lang='lat' dir='ltr'>videtur,</span> <span class='ocrx_word' id='word_1_176' title='bbox 1095 2337 1256 2379; x_wconf 87' lang='lat' dir='ltr'>traditio</span> <span class='ocrx_word' id='word_1_177' title='bbox 1289 2339 1436 2379; x_wconf 81' lang='lat' dir='ltr'>vixisse</span> <span class='ocrx_word' id='word_1_178' title='bbox 1457 2337 1582 2379; x_wconf 86' lang='lat' dir='ltr'>Mosis</span> 
     </span>
     <span class='ocr_line' id='line_1_24' title="bbox 92 2419 1584 2477; baseline 0.001 -16"><span class='ocrx_word' id='word_1_179' title='bbox 92 2419 336 2477; x_wconf 89' lang='lat' dir='ltr'>temporibus</span> <span class='ocrx_word' id='word_1_180' title='bbox 368 2422 409 2462; x_wconf 88' lang='lat' dir='ltr'>in</span> <span class='ocrx_word' id='word_1_181' title='bbox 441 2422 623 2462; x_wconf 84' lang='lat' dir='ltr'>extremis</span> <span class='ocrx_word' id='word_1_182' title='bbox 657 2422 817 2462; x_wconf 88' lang='lat' dir='ltr'>orientis</span> <span class='ocrx_word' id='word_1_183' title='bbox 851 2436 942 2463; x_wconf 93' lang='lat' dir='ltr'>orae</span> <span class='ocrx_word' id='word_1_184' title='bbox 973 2420 1202 2477; x_wconf 77' lang='lat' dir='ltr'>regionibus</span> <span class='ocrx_word' id='word_1_185' title='bbox 1224 2420 1438 2462; x_wconf 88' lang='lat' dir='ltr'>Bileamum</span> <span class='ocrx_word' id='word_1_186' title='bbox 1461 2436 1584 2477; x_wconf 88' lang='lat' dir='ltr'>quen-</span> 
     </span>
     <span class='ocr_line' id='line_1_25' title="bbox 94 2503 1581 2561; baseline 0.001 -17"><span class='ocrx_word' id='word_1_187' title='bbox 94 2503 181 2544; x_wconf 87' lang='lat' dir='ltr'>dam</span> <span class='ocrx_word' id='word_1_188' title='bbox 211 2512 376 2561; x_wconf 87' lang='lat' dir='ltr'>propter</span> <span class='ocrx_word' id='word_1_189' title='bbox 406 2513 508 2545; x_wconf 90' lang='lat' dir='ltr'>artes</span> <span class='ocrx_word' id='word_1_190' title='bbox 540 2506 708 2561; x_wconf 81' lang='lat' dir='ltr'>magicas</span> <span class='ocrx_word' id='word_1_191' title='bbox 748 2504 917 2561; x_wconf 83' lang='lat' dir='ltr'>maligna</span> <span class='ocrx_word' id='word_1_192' title='bbox 954 2504 1235 2546; x_wconf 86' lang='lat' dir='ltr'>maledictionis</span> <span class='ocrx_word' id='word_1_193' title='bbox 1269 2506 1307 2545; x_wconf 92' lang='lat' dir='ltr'>vi</span> <span class='ocrx_word' id='word_1_194' title='bbox 1339 2504 1581 2561; x_wconf 82' lang='lat' dir='ltr'>praeditum3</span> 
     </span>
     <span class='ocr_line' id='line_1_26' title="bbox 94 2587 1580 2645; baseline 0.001 -18"><span class='ocrx_word' id='word_1_195' title='bbox 94 2601 208 2642; x_wconf 90' lang='lat' dir='ltr'>quem</span> <span class='ocrx_word' id='word_1_196' title='bbox 240 2602 360 2644; x_wconf 89' lang='lat' dir='ltr'>quum</span> <span class='ocrx_word' id='word_1_197' title='bbox 382 2587 596 2645; x_wconf 87' lang='lat' dir='ltr'>Balaquus,</span> <span class='ocrx_word' id='word_1_198' title='bbox 627 2588 893 2630; x_wconf 87' lang='lat' dir='ltr'>Moabitarum</span> <span class='ocrx_word' id='word_1_199' title='bbox 926 2603 1009 2639; x_wconf 74' lang='lat' dir='ltr'>rex,</span> <span class='ocrx_word' id='word_1_200' title='bbox 1044 2603 1089 2629; x_wconf 88' lang='lat' dir='ltr'>eo</span> <span class='ocrx_word' id='word_1_201' title='bbox 1118 2588 1280 2629; x_wconf 88' lang='lat' dir='ltr'>consilio</span> <span class='ocrx_word' id='word_1_202' title='bbox 1304 2590 1580 2638; x_wconf 87' lang='lat' dir='ltr'>arcessivisset‚</span> 
     </span>
     <span class='ocr_line' id='line_1_27' title="bbox 92 2670 1580 2729; baseline 0.002 -19"><span class='ocrx_word' id='word_1_203' title='bbox 92 2678 139 2710; x_wconf 87' lang='lat' dir='ltr'>ut</span> <span class='ocrx_word' id='word_1_204' title='bbox 167 2670 358 2712; x_wconf 85' lang='lat' dir='ltr'>Israelitas</span> <span class='ocrx_word' id='word_1_205' title='bbox 390 2687 461 2729; x_wconf 88' lang='lat' dir='ltr'>per</span> <span class='ocrx_word' id='word_1_206' title='bbox 493 2687 588 2714; x_wconf 87' lang='lat' dir='ltr'>suos</span> <span class='ocrx_word' id='word_1_207' title='bbox 620 2672 716 2713; x_wconf 88' lang='lat' dir='ltr'>fines</span> <span class='ocrx_word' id='word_1_208' title='bbox 748 2674 821 2713; x_wconf 90' lang='lat' dir='ltr'>iter</span> <span class='ocrx_word' id='word_1_209' title='bbox 853 2670 1036 2713; x_wconf 83' lang='lat' dir='ltr'>facientes</span> <span class='ocrx_word' id='word_1_210' title='bbox 1070 2672 1164 2712; x_wconf 88' lang='lat' dir='ltr'>diris</span> <span class='ocrx_word' id='word_1_211' title='bbox 1189 2670 1411 2722; x_wconf 83' lang='lat' dir='ltr'>devoveret,</span> <span class='ocrx_word' id='word_1_212' title='bbox 1446 2671 1580 2713; x_wconf 91' lang='lat' dir='ltr'>divino</span> 
     </span>
     <span class='ocr_line' id='line_1_28' title="bbox 93 2752 1582 2812; baseline 0.001 -19"><span class='ocrx_word' id='word_1_213' title='bbox 93 2752 201 2794; x_wconf 89' lang='lat' dir='ltr'>illum</span> <span class='ocrx_word' id='word_1_214' title='bbox 241 2752 375 2796; x_wconf 78' lang='lat' dir='ltr'>afflatu</span> <span class='ocrx_word' id='word_1_215' title='bbox 413 2755 617 2812; x_wconf 89' lang='lat' dir='ltr'>abreptum</span> <span class='ocrx_word' id='word_1_216' title='bbox 654 2755 761 2797; x_wconf 89' lang='lat' dir='ltr'>bona</span> <span class='ocrx_word' id='word_1_217' title='bbox 800 2770 843 2796; x_wconf 88' lang='lat' dir='ltr'>ac</span> <span class='ocrx_word' id='word_1_218' title='bbox 881 2754 1009 2796; x_wconf 80' lang='lat' dir='ltr'>fausta</span> <span class='ocrx_word' id='word_1_219' title='bbox 1050 2757 1178 2796; x_wconf 91' lang='lat' dir='ltr'>omnia</span> <span class='ocrx_word' id='word_1_220' title='bbox 1216 2755 1473 2812; x_wconf 83' lang='lat' dir='ltr'>praedicasse.</span> <span class='ocrx_word' id='word_1_221' title='bbox 1538 2754 1582 2796; x_wconf 86' lang='lat' dir='ltr'>Si</span> 
     </span>
     <span class='ocr_line' id='line_1_29' title="bbox 93 2835 1581 2896; baseline 0.001 -19"><span class='ocrx_word' id='word_1_222' title='bbox 93 2835 308 2878; x_wconf 84' lang='lat' dir='ltr'>Solomone</span> <span class='ocrx_word' id='word_1_223' title='bbox 339 2847 525 2895; x_wconf 82' lang='lat' dir='ltr'>regnante</span> <span class='ocrx_word' id='word_1_224' title='bbox 558 2854 710 2881; x_wconf 87' lang='lat' dir='ltr'>carmen</span> <span class='ocrx_word' id='word_1_225' title='bbox 742 2838 903 2896; x_wconf 88' lang='lat' dir='ltr'>aliquod</span> <span class='ocrx_word' id='word_1_226' title='bbox 936 2839 995 2880; x_wconf 89' lang='lat' dir='ltr'>vel</span> <span class='ocrx_word' id='word_1_227' title='bbox 1017 2847 1200 2889; x_wconf 84' lang='lat' dir='ltr'>exstaret,</span> <span class='ocrx_word' id='word_1_228' title='bbox 1234 2839 1295 2881; x_wconf 88' lang='lat' dir='ltr'>vel</span> <span class='ocrx_word' id='word_1_229' title='bbox 1319 2841 1581 2896; x_wconf 86' lang='lat' dir='ltr'>compositum</span> 
     </span>
    </p>
   </div>
   <div class='ocr_carea' id='block_1_7' title="bbox 93 2920 1580 2970">
    <p class='ocr_par' dir='ltr' id='par_1_7' title="bbox 93 2920 1580 2970">
     <span class='ocr_line' id='line_1_30' title="bbox 93 2920 1580 2970; baseline 0.001 -9"><span class='ocrx_word' id='word_1_230' title='bbox 93 2929 205 2970; x_wconf 89' lang='lat' dir='ltr'>esset,</span> <span class='ocrx_word' id='word_1_231' title='bbox 232 2929 276 2964; x_wconf 87' lang='lat' dir='ltr'>ut</span> <span class='ocrx_word' id='word_1_232' title='bbox 296 2921 397 2963; x_wconf 89' lang='lat' dir='ltr'>hanc</span> <span class='ocrx_word' id='word_1_233' title='bbox 416 2920 727 2966; x_wconf 83' lang='lat' dir='ltr'>benedictionem</span> <span class='ocrx_word' id='word_1_234' title='bbox 749 2925 873 2965; x_wconf 85' lang='lat' dir='ltr'>invito</span> <span class='ocrx_word' id='word_1_235' title='bbox 896 2925 976 2964; x_wconf 88' lang='lat' dir='ltr'>vati</span> <span class='ocrx_word' id='word_1_236' title='bbox 1000 2930 1194 2965; x_wconf 75' lang='lat' dir='ltr'>extortam</span> <span class='ocrx_word' id='word_1_237' title='bbox 1216 2923 1358 2965; x_wconf 89' lang='lat' dir='ltr'>vividis</span> <span class='ocrx_word' id='word_1_238' title='bbox 1381 2922 1580 2965; x_wconf 86' lang='lat' dir='ltr'>coloribus</span> 
     </span>
    </p>
   </div>
  </div>
 </body>
</html>
