1867 3301
926 173 992 220 56

211 315 428 373 praedicari
458 330 589 371 posse.
650 313 692 356 Si
725 316 846 371 igitur
878 313 927 354 ad
959 322 1175 370 serpentem
1207 314 1419 371 phallicum
1451 323 1702 366 revertemur,

210 400 482 456 planissimum
523 401 594 440 erit
634 397 730 455 quid
770 397 815 440 de
854 398 1054 454 reciproca
1093 398 1158 439 illa
1193 399 1363 440 laesione
1395 399 1607 456 intelligere
1640 399 1706 440 de-

212 482 385 525 beamus.
452 482 632 523 Vidimus
675 483 776 523 enim
814 481 920 522 hunc
958 481 1087 523 locum
1122 481 1171 523 ad
1203 484 1312 523 varia
1344 484 1526 524 coitionis
1558 484 1706 524 incom-

210 566 329 609 moda
361 575 399 607 et
431 565 587 607 dolores
621 573 808 621 spectare.
864 565 950 606 Jam
982 580 1074 606 vero
1108 580 1368 623 unaquaeque
1399 566 1549 615 mulier,
1584 580 1706 622 quum

210 652 250 691 in
282 652 409 706 primo
444 650 551 690 coitu
584 649 795 690 claustrum
817 651 1051 706 virginitatis
1084 652 1363 706 perrumpitur,
1400 658 1598 691 cruentam
1619 649 1706 691 vul-

210 735 453 775 nerationem
493 741 531 774 et
570 747 694 774 acrem
728 732 903 774 dolorem
936 735 1118 789 concipit.
1182 733 1305 790 Apud
1339 733 1544 775 orientales
1577 741 1706 775 autem

210 826 248 859 ct
285 818 453 859 maxime
485 816 637 859 Arabes
678 817 801 858 simile
834 816 930 874 quid
960 819 1046 858 viro
1081 832 1240 874 quoque
1274 816 1480 867 accideret,
1524 819 1600 858 nisi
1632 819 1705 859 cir-

211 903 459 943 cumcisionis
499 903 580 942 ritu
618 909 929 958 praecaveretur.
992 900 1091 942 Nam
1128 903 1227 942 inter
1259 901 1329 942 has
1361 909 1495 958 gentes
1528 901 1705 958 longius-

211 985 341 1027 culum
374 993 432 1026 est
462 987 735 1041 praeputium,
770 987 823 1025 ita
854 992 900 1026 ut
920 987 1038 1026 variis
1072 984 1257 1026 sordibus
1290 993 1328 1026 et
1359 983 1506 1026 morbis
1531 983 1706 1026 obnoxia

210 1071 261 1110 sit
299 1069 410 1126 glans
452 1068 575 1110 virilis
617 1067 798 1118 membri,
849 1083 966 1124 quam
1006 1070 1082 1109 nisi
1125 1068 1250 1109 cultro
1293 1067 1470 1125 detegaS,
1510 1068 1704 1125 phimosis

211 1152 401 1210 quaedam
445 1151 748 1193 foecunditatem
794 1150 981 1208 prohibet
1019 1160 1057 1193 et
1096 1154 1136 1193 in
1174 1154 1302 1209 primo
1343 1167 1538 1194 concursu
1576 1155 1704 1195 varias

209 1237 400 1278 laesiones
442 1235 613 1277 inducit:
654 1232 759 1289 (vide
791 1234 990 1276 Hosmann
1024 1235 1069 1277 de
1103 1250 1240 1277 caussa
1272 1235 1546 1277 foecunditatis
1577 1239 1703 1293 gentis

211 1322 458 1362 circumcisae
497 1322 536 1360 in
577 1320 870 1360 circumcisione
913 1318 1152 1376 quaerenda,
1194 1319 1419 1370 Philonem,
1463 1319 1508 1362 de
1542 1322 1704 1362 circum-

212 1406 377 1453 cisione,
412 1402 620 1444 Niebuhrii
652 1411 689 1444 et
715 1403 749 1444 T
754 1403 953 1444 lievenotii
984 1403 1204 1453 Itineraria,
1240 1403 1414 1460 aliosque
1446 1404 1568 1445 libros
1602 1418 1702 1461 quos

210 1490 303 1531 citat
333 1488 548 1537 Winerus,
590 1486 691 1528 Bihl.
723 1486 872 1528 Realw.
907 1502 937 1528 s.
970 1503 1005 1528 V.
1040 1484 1379 1546 Beschneidung).
1436 1488 1570 1544 Itaque
1601 1487 1703 1529 relli-

207 1574 322 1629 giosa
352 1571 416 1612 illa
449 1572 705 1621 circumcisio,
741 1585 819 1627 qua
850 1570 1063 1613 utebantur
1093 1571 1309 1621 Israelitae,
1343 1586 1425 1612 non
1448 1571 1567 1613 modo
1589 1587 1703 1614 mun-

210 1655 344 1697 ditiam
376 1664 414 1697 et
445 1657 569 1696 carnis
601 1654 943 1696 mortificationem
975 1654 1240 1712 significabat,
1275 1670 1410 1696 veriun
1444 1658 1557 1697 etiam
1588 1664 1703 1698 natu-

207 1739 279 1781 rali
321 1739 518 1780 orientalis
556 1739 697 1796 populi
735 1738 984 1781 incommodo
1024 1738 1265 1780 medebatur.
1327 1739 1388 1781 En
1426 1738 1541 1780 nobis
1574 1741 1703 1781 inimi-

209 1824 317 1864 citias
351 1825 544 1879 serpentis
578 1831 616 1864 et
646 1822 831 1872 mulieris,
868 1837 914 1863 en
946 1831 1121 1864 mutuam
1154 1832 1192 1864 et
1221 1825 1459 1880 reciprocam
1489 1824 1701 1865 laesionem

207 1908 380 1964 partium
420 1906 592 1956 illarum,
636 1921 735 1963 quae
774 1906 926 1947 sexuali
966 1907 1162 1963 voluptati
1199 1907 1440 1948 ministrant!
1489 1906 1569 1949 Sed
1607 1907 1702 1949 haec

207 1990 408 2032 hactenus.
471 1990 586 2047 Piget
617 1992 718 2032 enim
748 1989 950 2046 pudetque
983 1993 1238 2031 anatomicam
1270 1991 1369 2032 hanc
1400 1993 1591 2032 rationem
1622 2007 1701 2033 am-

206 2073 310 2130 plius
342 2075 538 2130 persequi.
602 2073 719 2115 Haud
751 2074 930 2131 equidem
961 2073 1125 2116 libenter
1156 2077 1197 2115 in
1228 2075 1298 2116 has
1331 2089 1460 2116 cascae
1493 2077 1699 2117 vetustatis

207 2158 417 2213 spurcitias
459 2156 652 2198 descendi.
717 2156 797 2199 Sed
837 2173 937 2214 opus
979 2167 1071 2200 erat.
1134 2157 1233 2200 Nam
1264 2159 1359 2200 mihi
1390 2161 1569 2215 persuasi
1600 2159 1700 2202 hanc

206 2242 359 2282 unicam
392 2248 523 2296 patere
556 2243 657 2281 viam
689 2240 738 2282 ad
770 2243 948 2282 intimum
970 2256 1185 2298 verumque
1208 2242 1432 2299 Fragmenti
1462 2245 1589 2284 nostri
1612 2257 1699 2284 sen-

207 2338 294 2364 sum
327 2323 619 2373 declarandum,
654 2332 691 2364 et
723 2339 837 2380 spero
872 2325 1060 2366 candidos
1094 2340 1275 2382 quosque
1309 2334 1346 2367 et
1370 2325 1508 2367 doctos
1534 2326 1697 2368 lectores

206 2409 246 2449 in
279 2407 439 2449 eandem
470 2421 620 2448 mecum
652 2409 883 2449 sententiam
917 2422 1187 2449 concessuros.

328 2489 447 2544 Quod
485 2492 518 2531 si
558 2505 652 2532 sana
692 2495 740 2532 et*
769 2500 872 2533 certa
909 2501 968 2533 est
1004 2492 1099 2533 haec
1130 2493 1324 2533 enarratio
1358 2500 1474 2548 atque
1506 2495 1694 2550 exegesis,

206 2572 360 2630 ecquod
390 2573 625 2615 luculentius
657 2573 863 2616 Jasharani
900 2574 988 2617 libri
1019 2577 1265 2633 prooemium
1297 2578 1511 2632 excogitari
1542 2579 1697 2633 potuis-

205 2664 283 2705 set,
319 2658 400 2697 sive
434 2656 482 2698 ad
516 2672 758 2699 communem
792 2660 966 2700 omnium
995 2659 1198 2701 hominum
1221 2659 1393 2716 culpam,
1428 2662 1510 2701 sive
1533 2659 1582 2701 ad
1602 2675 1697 2717 pro-

204 2741 292 2796 pria
328 2740 590 2782 Israelitarum
637 2741 775 2783 delicta
815 2742 1064 2799 spectamus?
1115 2741 1213 2784 Nam
1253 2742 1361 2799 quod
1402 2743 1451 2784 ad
1495 2752 1695 2800 peccatum

206 2824 367 2879 originis
410 2825 565 2873 attinet,
611 2826 815 2867 confirmat
855 2825 1018 2868 Solonio
1059 2826 1255 2868 hominem
1292 2828 1332 2867 in
1371 2841 1510 2884 genere
1549 2826 1694 2868 factum

204 2920 288 2947 esse
321 2907 522 2962 probum,
572 2908 641 2950 sed
686 2924 759 2950 suo
799 2911 924 2966 ipsius
965 2912 1143 2967 appetitu
1180 2910 1334 2967 lapsum
1373 2925 1476 2963 esse3
1523 2925 1694 2968 quocum
