1867 3301
981 187 1082 234 288

632 329 784 367 »Jedem
806 329 915 366 Mann
938 330 996 366 ein
1017 329 1087 378 Ey,

629 403 721 439 Dem
743 402 923 440 srommen
945 402 1285 451 Schweppermann
1309 401 1411 439 zwei.
1426 415 1440 430 ι

285 496 310 536 i.
335 510 366 536 e.
402 494 526 536 »Date
560 497 599 536 in
631 496 808 552 singulos
840 496 978 537 milites
1001 495 1156 552 singula
1179 510 1272 545 ova3
1308 495 1386 537 duo
1411 503 1538 536 autem
1560 493 1775 537 fortissimo

288 587 424 619 nostro
449 577 872 635 Schwcppermanno.«
923 579 1030 632 Quae
1051 579 1171 620 verba
1193 578 1569 636 Scluveppermanni
1597 580 1776 636 sepulcro

287 663 481 719 insculpta
513 662 562 703 ad
594 663 669 703 hoc
703 663 777 704 diei
809 664 1007 720 leguntur.
1024 658 1048 716 ¹)
1096 663 1147 704 Et
1169 663 1328 704 eandem
1358 663 1525 719 praedae
1558 665 1778 705 auctionem

287 746 362 787 hoc
394 747 480 787 loco
514 748 625 787 innui
657 746 837 789 credibile
870 755 940 788 cst.
1007 746 1094 800 Quo
1127 749 1273 803 posito,
1307 762 1450 788 novam
1483 747 1543 788 his
1576 747 1778 788 versiculis

287 830 410 871 lucem
451 831 715 872 conciliamus.
788 831 916 880 Duas,
959 832 1106 887 inquit,
1149 831 1202 871 illi
1244 832 1310 887 qui
1350 827 1542 885 ἀριστεῖα
1580 832 1776 881 meruerit,

286 916 515 956 nominatim
550 914 679 956 Sisrae
711 930 817 965 mco,
851 915 1001 972 puellas
1035 913 1221 955 concedet
1252 916 1459 956 exercitus.
1525 913 1604 956 Sed
1634 929 1780 971 appor-

289 998 386 1039 tabit
416 1007 615 1055 plaeterea
648 998 745 1039 duas
780 1007 906 1040 vestes
939 1013 1011 1055 pro
1046 1013 1086 1039 se
1118 1000 1204 1054 ipso
1239 1006 1277 1039 et
1309 997 1405 1040 duas
1438 1014 1511 1055 pro
1535 1007 1656 1040 matre
1688 997 1777 1039 sua!

288 1082 371 1123 Etsi
418 1083 549 1139 plures
599 1085 822 1124 criticorum
864 1083 945 1138 jam
992 1091 1105 1123 antea
1143 1091 1408 1138 reposuerunt
1447 1065 1626 1127 ἾἿΝἮῙἾ
1667 1096 1777 1123 »meo

289 1167 438 1216 collo«,
479 1181 552 1224 pro
595 1175 700 1208 statu
738 1166 880 1223 plurali
914 1175 1139 1208 constructo
1173 1149 1367 1235 ἾἾΝἾΕ17,
1402 1175 1447 1208 ut
1471 1166 1590 1224 vulgo
1623 1166 1776 1222 legitm,

288 1253 431 1292 nemini
461 1259 591 1291 tamen
623 1251 752 1292 adhuc
773 1250 963 1300 subolust,
999 1258 1244 1307 quantopere
1264 1250 1358 1291 haec
1380 1250 1597 1292 emendatio
1619 1258 1780 1307 propte-

288 1349 353 1376 lca
385 1350 425 1376 se
458 1335 721 1385 commendet,
764 1335 873 1392 quod
914 1335 993 1376 duo
1028 1336 1193 1376 vestium
1233 1349 1375 1391 genera
1415 1342 1778 1376 commemorentur

287 1417 387 1460 Nam
419 1424 523 1481 35:¹33
556 1427 614 1461 est
647 1421 790 1460 »vestis
822 1421 968 1460 murice
1010 1418 1229 1468 colorata«,
1272 1418 1376 1474 quali
1415 1417 1580 1459 libenter
1617 1419 1779 1458 amictus

289 1512 391 1545 esset
420 1519 492 1545 rex
523 1504 585 1544 vel
615 1505 839 1559 imperator.
889 1502 968 1544 Sed
1000 1506 1149 1571 ΠᾨΡἾ
1178 1511 1236 1543 est
1268 1504 1415 1544 »vestis
1446 1516 1517 1543 acu
1540 1503 1777 1558 variegata«,

290 1587 423 1644 quales
456 1596 537 1628 arte
570 1586 816 1628 adornabant
855 1595 893 1628 et
932 1588 1039 1643 ipsae
1071 1585 1260 1642 gerebant
1291 1585 1466 1627 feminae.
1528 1585 1632 1627 Idem
1664 1598 1781 1626 voca-

288 1670 426 1712 bulum
457 1670 593 1712 eodem
626 1685 743 1712 sensu
785 1685 833 1711 ex
866 1669 1035 1711 Arabica
1075 1669 1210 1726 lingua
1243 1677 1379 1710 mutuo
1414 1678 1667 1726 sumpserunt
1696 1669 1781 1710 Itali

288 1755 532 1811 Hispanique
565 1754 756 1804 hodierni,
792 1754 898 1810 apud
930 1768 1031 1811 quos
1063 1755 1268 1795 rieamare
1289 1762 1347 1794 est
1369 1751 1614 1794 ποικίλλειν.
1663 1751 1781 1794 Sido-

289 1840 373 1880 nias
405 1839 584 1880 mulieres
624 1840 665 1879 in
703 1838 764 1879 his
797 1836 973 1879 vestibus
1015 1837 1252 1878 adornandis
1296 1851 1452 1893 operam
1495 1851 1604 1878 suam
1635 1850 1780 1893 ponere

291 1923 425 1964 solitas
458 1937 540 1964 esse
573 1923 634 1964 vel
666 1936 715 1964 ex
746 1921 919 1963 Homero
954 1921 1138 1963 discimus
1172 1919 1229 1975 (Il.
1252 1920 1318 1970 Vl,
1344 1917 1467 1974 289):

441 2001 547 2060 αὕτῆ
583 2003 623 2046 δ’
656 2004 697 2054 ἐς
730 2004 938 2059 θάλαμον
970 2002 1233 2060 κατεβήσατο
1265 2004 1466 2060 κηώεντα,

439 2074 533 2119 ἑνί)
564 2074 667 2118 ἐσαν
699 2073 740 2118 οἳ
771 2076 937 2126 πέπλοι,
971 2075 1239 2130 παμποίκιλα
1279 2078 1412 2130 Ρέργα
1444 2074 1656 2126 γυναικῶν

439 2148 662 2198 Σιδονίων,
695 2163 772 2196 τας
804 2144 933 2195 αὐτὸς
959 2145 1244 2201 Ἀλέξανδρος
1276 2151 1333 2189 &e
1337 2145 1478 2204 οειδης

439 2220 567 2275 ήγαγε
598 2218 871 2274 Σιδονίηθεν.

394 2344 417 2384 ¹)
447 2342 609 2388 Sepulcro
633 2341 949 2387 Schweppermanni
971 2342 1004 2374 in
1024 2343 1231 2376 monasterio
1255 2341 1465 2384 Castellensi‚
1488 2342 1521 2376 hi
1545 2352 1665 2376 versus
1686 2341 1781 2374 incisi

293 2415 390 2444 sunt:
524 2409 611 2443 „nie
637 2407 697 2442 leit
722 2407 889 2453 begraben
916 2407 1003 2440 Ilcrr
1031 2406 1189 2452 Seysried
1216 2407 1532 2454 Schweppermann,

645 2473 740 2508 Alles
770 2473 890 2507 Thuns
917 2471 983 2505 und
1013 2471 1178 2506 WVandels
1205 2472 1379 2515 lobesann,

647 2540 711 2573 Ein
736 2539 845 2573 Ritter
870 2536 950 2572 keck
978 2537 1046 2571 und
1073 2536 1149 2580 sest,

529 2605 595 2639 Der
619 2605 673 2639 hei
700 2602 953 2638 Gammelsdorf
980 2603 1049 2637 und
1076 2602 1273 2649 Ampfingen

530 2670 579 2704 Im
607 2670 731 2706 Streite
756 2672 837 2704 that
861 2672 931 2703 das
955 2671 1072 2703 Besst.

646 2735 693 2769 Er
718 2736 764 2769 ist
787 2747 857 2769 nun
884 2734 958 2768 todt

646 2800 728 2835 Dem
756 2800 837 2834 Gou·
862 2799 981 2846 genad.

646 2867 776 2900 Jedem
800 2867 921 2900 Mann
947 2867 1006 2899 ein
1032 2865 1089 2907 Ey

648 2933 740 2966 Dem
762 2932 950 2974 frommen
974 2932 1319 2972 Schweppermamz
1343 2930 1467 2963 zwei.·
