1867 3301
142 338 237 389 nim,
272 339 337 392 qui
372 345 430 378 cst
455 338 671 392 septimus«
696 333 735 389 (1
761 335 858 392 Reg.
880 337 981 386 VllI,
1008 335 1065 390 2).
1113 338 1169 379 At
1190 339 1375 395 quidnam
1400 339 1517 381 fuerit
1543 342 1639 383 illud

141 422 293 475 septimi
322 422 464 461 mensis
488 419 660 461 festum?
691 420 802 461 Duae
824 429 933 461 erant
955 423 992 462 in
1017 422 1093 462 hoe
1114 437 1245 464 mense
1267 422 1382 464 seriae
1410 448 1456 453 —
1483 439 1635 480 nempe,

141 504 226 544 dies
258 504 503 560 expiationis
534 501 750 564 (ΕἻἾΞΞΠῚ
783 499 904 557 ΠἽἻ),
947 520 1047 561 quae
1088 505 1236 547 decimo
1271 506 1331 547 die
1364 509 1507 548 mensis
1541 509 1638 549 eele-

139 587 329 628 hrabatur
371 584 518 640 (Levit.
548 574 697 637 XXlIl,
733 585 835 641 27),
885 596 923 628 et
956 588 1115 645 festum
1154 591 1511 632 tabernaculorum
1552 588 1637 649 (m

139 667 351 731 ΠἿΞΨΓ-Ἱ),
394 670 503 728 quod
535 687 556 711 a
589 672 727 727 quinto
762 671 911 712 decimo
946 671 1006 712 dic
1048 674 1236 729 incipiens
1269 689 1340 730 per
1373 683 1521 731 septem
1555 674 1636 716 dies

140 741 307 796 durabat
339 753 488 806 (Levit.
511 754 660 804 XXHl,
687 753 741 796 33
766 752 891 811 sqq).
955 755 1055 796 Illud
1095 758 1216 813 igitur
1249 755 1346 798 κατ’
1370 755 1523 812 ἐξοχὴν
1555 767 1638 800 erat

138 840 290 895 septimi
332 840 475 880 mensis
518 838 680 888 festum,
724 840 816 895 quia
855 839 1010 895 plenam
1049 842 1163 882 istius
1203 844 1347 882 mensis
1390 840 1637 885 hebdomada

139 921 353 964 obtinebat.
416 922 496 964 Nec
537 922 701 964 dubium
740 931 798 964 est
831 922 926 979 quid
958 922 1057 965 sesto
1090 924 1434 966 tabernaculorum
1467 941 1635 969 comme-

137 1015 368 1048 moraretur.
416 1006 514 1049 Nam
546 1009 587 1048 in
618 1007 718 1048 libro
741 1006 916 1048 Levitico
951 1009 1006 1048 sic
1036 1008 1221 1050 scribitur
1244 1006 1408 1063 (XXIII,
1432 1008 1634 1068 41sqq.):

138 1105 293 1131 »mense
332 1093 500 1147 septimo
542 1090 640 1132 festa
687 1090 930 1132 celebrabitis
971 1100 1009 1133 et
1046 1091 1275 1135 habitabitis
1315 1095 1355 1135 in
1394 1093 1634 1137 umbraculis

136 1183 282 1230 septem
317 1174 474 1224 diebus,
510 1177 636 1216 omnis
670 1177 738 1231 qui
771 1174 817 1216 de
848 1190 987 1232 genere
1021 1184 1079 1217 est
1100 1176 1216 1218 Israel
1248 1177 1421 1220 manebit
1443 1180 1482 1220 in
1508 1178 1634 1221 taber-

134 1258 295 1307 naculis,
330 1267 375 1299 ut
406 1258 558 1300 discant
588 1261 737 1314 posteri
765 1261 906 1308 vestri,
949 1259 1058 1316 quod
1090 1262 1129 1302 in
1162 1260 1424 1303 tabernaculis
1456 1261 1632 1305 habitare

134 1341 287 1383 fecerim
319 1342 421 1383 filios
443 1342 581 1392 Israel,
616 1358 738 1400 quum
771 1342 972 1384 educerem
1007 1359 1074 1385 eos
1099 1344 1145 1385 de
1167 1353 1270 1386 terra
1292 1345 1507 1403 Aegypti.‹¹
1549 1346 1634 1389 Sci-

133 1425 239 1475 licet,
281 1428 408 1483 prima
447 1428 565 1468 statio
606 1427 747 1484 longae
790 1429 903 1468 istius
935 1430 1282 1485 peregrinationis,
1325 1444 1425 1487 quae
1458 1433 1497 1472 in
1529 1440 1633 1473 terra

135 1509 331 1552 Goshenis
371 1511 558 1566 incipiens
599 1526 680 1552 non
720 1513 887 1552 cessavit
927 1510 1051 1553 donec
1092 1514 1132 1553 in
1163 1521 1307 1555 terram
1337 1515 1631 1571 tranquillitatis

131 1608 202 1649 per
233 1609 337 1635 mare
370 1602 407 1636 et
438 1609 573 1635 arenas
597 1604 783 1652 vagantes
806 1597 1056 1651 pervenirent
1077 1597 1292 1648 israelitae,
1327 1598 1632 1655 nuncupabatur

132 1672 265 1736 ΠἾΞᾮ
297 1679 322 1718 i.
346 1693 377 1719 e.
413 1693 532 1720 casae
563 1679 621 1720 vel
651 1679 917 1721 tabernacula
940 1676 1086 1732 (Exod.
1110 1680 1200 1730 XII,
1227 1678 1313 1734 37),
1349 1684 1438 1739 quia
1466 1682 1519 1724 ibi
1544 1697 1631 1724 coe-

130 1748 292 1817 perunt,
327 1761 540 1803 nomadum
574 1765 708 1812 instar,
743 1765 921 1804 tentoriis
946 1762 1144 1814 habitare,
1179 1767 1292 1821 quasi
1317 1767 1356 1807 in
1377 1774 1482 1808 terra
1505 1766 1631 1808 domi-

130 1844 206 1886 bus
238 1854 390 1902 negata.
438 1844 594 1887 Nullam
626 1848 747 1904 igitur
777 1850 1187 1889 commemorationem
1218 1850 1368 1891 itineris
1402 1852 1462 1891 sui
1496 1850 1631 1892 melio-

129 1944 209 1970 rem
241 1928 386 1971 habere
417 1938 655 1986 potuerunt,
691 1945 808 1987 quam
841 1931 949 1973 istud
981 1931 1141 1981 festum,
1178 1947 1258 1989 quo
1284 1948 1354 1988 per
1376 1942 1523 1990 septem
1548 1933 1628 1975 dies

131 2012 373 2054 errabundae
406 2016 508 2055 vitae
539 2016 766 2055 memoriam
799 2014 1131 2072 redintegrabant.
1187 2014 1268 2057 Nec
1300 2031 1393 2058 vero
1427 2032 1515 2058 arca
1547 2017 1629 2061 foe-

132 2095 232 2136 deris
266 2104 369 2137 certa
400 2096 491 2138 sede
522 2100 727 2153 requievit,
763 2098 887 2139 donec
910 2097 1074 2140 Solomo
1110 2113 1192 2140 eam
1225 2114 1274 2140 ex
1295 2115 1380 2142 arce
1403 2101 1566 2143 Davidis
1589 2104 1629 2143 in

131 2179 315 2235 templum
347 2179 618 2222 transferebat.
667 2179 766 2222 Nam
798 2181 1090 2224 tabernaculum
1112 2182 1210 2224 illud
1232 2198 1384 2225 sacrum
1407 2185 1467 2226 vel
1491 2183 1627 2252 ζζῐζὶβ

130 2264 183 2303 ita
222 2273 466 2319 compactum
508 2273 584 2314 est,
627 2274 672 2307 ut
703 2265 939 2308 circumferri
978 2276 1133 2323 posset,
1176 2276 1214 2309 et
1245 2270 1451 2325 imaginem
1484 2249 1628 2311 indesi-

128 2348 254 2388 nentis
287 2350 612 2404 peregrinationis
645 2358 873 2406 praestaret.
922 2349 1076 2406 Optime
1110 2352 1231 2408 igitur
1262 2366 1343 2393 rem
1377 2367 1488 2394 suam
1521 2353 1627 2395 ordi·

128 2432 236 2471 navit
261 2430 439 2480 Solonio,
473 2435 541 2489 qui
574 2435 613 2474 in
645 2433 744 2475 sesto
778 2433 1121 2476 tabernaculorum
1155 2434 1285 2476 aedem
1309 2435 1482 2477 Jehovae
1515 2439 1627 2479 inau-

127 2514 343 2570 gurandam
365 2519 570 2558 censuerit.
620 2516 751 2571 Quum
774 2526 903 2559 autem
926 2517 1067 2559 festum
1094 2518 1350 2560 dedicationis
1374 2520 1506 2576 templi
1531 2535 1626 2577 »per

126 2596 187 2637 bis
210 2606 370 2653 septeni,
404 2599 480 2641 hoc
503 2609 573 2650 est,
610 2602 925 2657 quattuordecim
949 2601 1056 2643 dies«
1081 2601 1316 2643 celebratum
1340 2612 1443 2645 esset
1465 2601 1504 2657 (1
1526 2604 1623 2662 Reg.

126 2681 231 2730 VIII,
256 2680 342 2735 65),
379 2691 417 2724 et
449 2683 629 2725 »tandem
665 2684 724 2726 die
759 2687 873 2727 tertio
908 2694 945 2726 et
975 2687 1158 2726 vicesimo
1188 2688 1332 2727 mensis
1366 2690 1521 2744 septimi
1548 2688 1625 2730 So-

126 2765 231 2806 lomo
262 2766 455 2821 populum
486 2767 628 2809 laetum
659 2777 775 2825 atque
798 2769 957 2810 hilarem
982 2768 1196 2810 dimiserit«
1221 2766 1264 2823 (2
1286 2770 1514 2822 ParatVll,
1538 2770 1621 2824 10),

126 2847 268 2890 festum
307 2849 403 2890 illud
443 2849 698 2893 dedicationis
739 2855 869 2909 coepit
909 2868 1015 2893 nono
1050 2852 1112 2894 die
1143 2856 1287 2895 mensis
1319 2858 1494 2911 septimi,
1538 2857 1561 2896 i.
1588 2870 1620 2896 e.

125 2931 249 2987 pridie
290 2931 389 2974 festo
420 2935 670 2989 expiationis.
736 2935 874 2978 »Diem
917 2944 1100 2979 octavum
1133 2945 1227 2980 tunc
1262 2947 1307 2981 ut
1339 2938 1440 2981 diem
1471 2938 1614 2982 festum
