1867 3301
780 195 880 243 267

797 338 839 376 σὲ
874 336 922 377 δὲ
952 335 1085 391 τούτῳ
1118 334 1230 391 λόγῳ

143 404 329 463 χρησμὸς
354 404 566 464 ὤρθωσεν
587 406 840 461 μελίσσας
861 407 1079 461 Δελφίδος
1102 405 1327 462 αὐτομάτῳ
1351 406 1517 465 κελάδῳ

1183 493 1235 540 (P.
1260 493 1321 539 lv,
1346 490 1428 539 60).

85 588 306 643 Quinetiam
338 585 445 643 apud
478 601 610 628 omnes
644 586 721 628 sere
754 595 888 643 gentes
918 588 1209 643 antiquissimas
1233 586 1352 628 arbor
1374 587 1576 643 quaedam,

84 688 127 714 ac
158 673 383 728 praesertim
417 684 598 726 quercus,
633 685 705 726 pro
739 669 829 711 sede
865 668 1019 711 fatidica
1053 669 1199 712 delecta
1231 679 1323 711 erat.
1380 670 1578 712 Deboram

83 764 212 798 autem
251 763 426 796 nostram
461 754 637 803 oracula,
679 749 852 794 Jeho'vae
886 755 1042 795 nomine
1076 763 1113 795 et
1146 754 1280 795 divino
1315 754 1486 810 quodam
1520 757 1579 796 in-

83 842 228 881 stinctu
274 837 509 894 afflatuque,
560 837 671 879 edere
717 836 872 878 solitam
913 851 1015 886 esse,
1067 851 1116 878 ex
1154 840 1240 893 ipsa
1280 838 1444 879 historia
1484 840 1577 880 satis

82 931 257 980 apparet.
302 921 401 963 Nam
424 921 598 963 Jehovae
631 923 787 963 nomine
808 920 993 977 Baraquo
1026 923 1226 977 praecepit
1259 929 1301 961 ut
1331 923 1463 976 copias
1487 936 1577 964 suas

83 1015 239 1063 cogeret
272 1003 320 1059 (c.
343 1005 410 1055 IV,
435 1002 499 1059 6):
542 1014 579 1046 et
611 1020 731 1061 quum
771 1006 838 1054 iis,
882 1006 949 1060 qui
987 1004 1037 1046 ad
1067 1005 1241 1046 Jehovae
1276 1004 1464 1046 auxilium
1498 1020 1579 1047 non

81 1092 298 1139 venissent,
334 1089 438 1131 diras
471 1091 720 1145 imprecatur,
756 1087 885 1129 verbis
918 1090 1044 1130 utitur
1074 1089 1191 1146 legati
1212 1089 1386 1130 Jehovae
1415 1085 1468 1139 (v,
1490 1086 1576 1142 23),

82 1169 192 1242 ΠἼΥΠἾ·
232 1156 399 1243 ‘'lb-2¹72,
441 1175 465 1214 i.
498 1187 529 1214 e.
568 1175 693 1229 ipsius
726 1172 921 1222 jehovae,
966 1174 1032 1228 qui
1073 1174 1231 1214 nonnisi
1270 1187 1340 1228 per
1371 1159 1577 1241 Βᾞζξῖῆβ

82 1273 168 1300 cum
193 1257 420 1299 hominibus
443 1256 596 1314 agebat.
647 1256 781 1297 Talem
805 1255 1006 1306 seminam,
1041 1257 1103 1297 cui
1124 1264 1202 1297 tam
1226 1270 1410 1312 praesens
1433 1272 1578 1298 numen

81 1341 255 1391 favebat,
303 1341 493 1383 robustos
534 1340 910 1396 Septentrionalium
959 1342 1110 1381 animos
1152 1342 1321 1381 excitare
1362 1354 1405 1381 ac
1444 1355 1577 1397 regere

80 1427 278 1482 potuisse,
321 1425 381 1466 vel
421 1440 491 1482 per
530 1439 571 1465 se
612 1426 706 1465 satis
747 1433 867 1480 patet.
931 1423 1067 1481 Neque
1104 1424 1177 1465 alia
1210 1410 1387 1480 exempla
1421 1424 1576 1466 desunt.

80 1508 220 1551 Nonne
253 1511 354 1551 enim
378 1507 423 1550 G.
450 1507 657 1550 Cornelius
683 1508 844 1549 Tacitus
878 1510 1086 1549 memoriae
1108 1507 1286 1564 prodidit
1307 1516 1457 1549 veteres
1483 1508 1578 1549 Ger-

79 1608 216 1634 manos
249 1601 388 1649 putare
421 1592 560 1633 solitos
595 1606 678 1633 esse
710 1594 836 1633 inesse
870 1591 1020 1633 feminis
1052 1600 1230 1633 sanctum
1254 1591 1402 1647 aliquid
1424 1601 1462 1633 et
1483 1607 1578 1649 pro-

80 1677 234 1726 vidum,
268 1692 338 1718 nec
370 1685 439 1718 aut
470 1676 632 1718 consilia
665 1690 798 1717 earum
829 1677 1030 1732 aspernari
1052 1684 1120 1716 aut
1141 1690 1332 1732 responsa
1355 1676 1579 1734 negligere?

82 1761 337 1810 »Vidimus«,
380 1762 510 1816 inquit
542 1757 688 1813 (Germ.
712 1758 828 1813 VIII),
873 1759 972 1801 »sub
1006 1759 1097 1801 divo
1121 1759 1367 1816 Vespasiano
1391 1759 1577 1801 Veledam

81 1845 149 1886 diu
186 1843 293 1900 apud
331 1844 541 1900 plerosque
573 1845 744 1884 numinis
776 1843 863 1884 loco
898 1842 1084 1884 habitam.
1150 1842 1230 1884 Sed
1262 1851 1299 1884 et
1332 1843 1423 1884 olim
1454 1842 1578 1886 Alau-

81 1929 219 1968 riniam
266 1935 304 1968 et
349 1927 568 1982 complures
617 1927 710 1968 alias
753 1929 925 1968 venerati
965 1935 1076 1977 sunt,
1125 1941 1206 1968 non
1245 1926 1470 1968 adulatione
1510 1936 1579 1969 aut

82 2020 267 2068 tanquam
300 2010 470 2052 facerent
501 2010 632 2052 deas«

198 2095 258 2136 ΙΙΙ.
308 2092 475 2136 Carmen
513 2094 589 2135 hoc
626 2096 954 2144 vetustissimum,
998 2109 1076 2151 quo
1110 2092 1291 2135 Deborae
1331 2109 1374 2135 ac
1404 2094 1578 2152 Baraqui

83 2179 306 2235 triumphus
348 2177 532 2219 laudibus
574 2178 750 2227 effertur,
799 2179 913 2235 plane
955 2178 1131 2234 ejusdem
1168 2180 1321 2234 generis
1361 2187 1420 2220 est
1460 2188 1577 2236 atque

80 2262 252 2318 hymnus
292 2262 374 2312 ille,
426 2276 541 2318 quem
578 2262 712 2303 Moses
756 2270 794 2303 et
832 2262 1044 2311 Israelitae‚
1096 2263 1303 2303 comitante
1346 2262 1578 2304 feminarum

81 2345 224 2395 choro,
262 2346 452 2387 canebant
482 2354 696 2403 postquam
726 2345 916 2402 Aegyptii
948 2344 1068 2388 Sinus
1101 2345 1261 2387 Arabici
1294 2345 1410 2387 undis
1444 2346 1577 2387 obruti

79 2431 287 2486 periissent
319 2426 466 2483 (Exod.
488 2426 597 2482 XV).
660 2429 747 2471 Hoc
781 2444 872 2471 vero
912 2430 1070 2486 longius
1103 2437 1180 2478 est,
1223 2429 1386 2471 artificio
1419 2431 1574 2486 poetico

81 2514 293 2563 excultius,
345 2514 510 2570 eleganti
546 2516 799 2570 repetitione,
850 2513 1060 2555 dramatica
1099 2515 1158 2562 vi,
1201 2515 1320 2554 variis
1364 2515 1576 2569 imaginum

83 2596 301 2647 coloribus,
344 2606 382 2639 et
416 2597 548 2639 vivida
579 2597 748 2654 quadam
779 2599 1076 2654 prosopopoeia
1107 2599 1230 2653 magis
1264 2596 1490 2647 abundans3
1532 2606 1578 2638 ut

81 2679 190 2721 facile
229 2679 282 2721 ibi
322 2695 512 2737 agnoscas
551 2683 739 2738 principis
779 2690 920 2738 poetae
953 2681 1012 2721 vel
1052 2682 1226 2736 poetriae
1259 2695 1430 2722 manum.
1496 2680 1578 2722 Sed

82 2771 210 2804 tamen
242 2764 281 2804 in
312 2778 452 2819 genere
483 2764 584 2806 idem
607 2773 666 2807 est
687 2773 899 2821 utrumque
923 2779 1088 2806 carmen.
1138 2762 1286 2821 Nempe
1310 2764 1389 2806 duo
1415 2767 1574 2806 omnino

81 2861 223 2904 genera
255 2855 365 2888 erant
394 2847 609 2903 lyricorum
641 2850 742 2890 inter
762 2847 963 2890 Hebraeos
993 2856 1231 2904 poematum,
1281 2847 1431 2898 Unum,
1467 2847 1575 2904 quod

80 2929 259 2972 Psalmos
283 2939 321 2973 et
337 2932 634 2974 vaticinationes
651 2932 934 2990 prophetarum
953 2934 1138 2983 eontinet,
1161 2932 1382 2990 relligiosos
1401 2933 1576 2974 omnium
