1867 3301
796 190 884 262 24
893 192 920 236 7

121 332 177 372 Ita
199 345 348 372 summa
372 346 457 372 cum
482 333 519 371 vi
542 331 740 386 Zephania
764 331 811 380 ll,
836 330 876 371 l:
900 334 1043 399 ἾΨἾΡἾΤ
1060 336 1323 393 ἾΨΨἿΙἯἾΠ,
1351 344 1619 390 »congyreyale

124 422 271 455 vosmet
298 416 408 470 ipsos
433 421 470 455 el
491 415 813 469 congyreyanzini,
849 423 1055 471 autequam
1083 415 1280 457 decretum
1303 417 1479 459 ell'eetum
1502 433 1616 459 suum

121 499 311 538 sortiatur
334 494 472 549 (irruet
496 512 588 538 vero
620 497 679 538 ille
711 497 790 538 dies
814 506 891 538 tam
915 500 990 540 cito
1016 514 1130 555 quam
1154 500 1263 556 palea
1285 515 1306 541 a
1331 509 1446 541 vento
1471 500 1618 557 abripi-

121 578 201 633 tur)
226 589 431 637 antequam
452 595 524 621 vos
548 580 708 621 invadat
731 580 882 621 fervens
900 581 1073 623 jehovae
1098 584 1152 623 ira
1163 598 1202 632 «ς
1226 585 1372 639 quippe
1397 581 1474 651 W?
1498 586 1617 640 signi-

119 664 208 705 ficat
248 665 401 705 culmus
442 664 585 704 aridus
626 663 831 713 sruiiienti,
874 664 977 705 unde
1019 665 1081 705 illa
1123 666 1366 722 metaphora.
1433 666 1552 720 Quod
1584 670 1616 708 si

121 747 179 788 vel
225 749 382 788 naenias
430 747 593 787 solemni
642 746 702 787 die
746 746 1025 797 decantabant,
1076 748 1198 789 multo
1240 749 1391 790 facilius
1431 748 1615 792 ἐπινίκια

116 838 304 886 poterant
342 839 527 887 repetere.
591 830 641 871 Et
680 830 777 870 nihil
808 832 989 880 interest,
1035 839 1167 872 utrum
1199 847 1325 887 ponas
1358 834 1614 875 excultiorem

116 916 242 954 nostri
274 914 410 969 hymni
444 914 652 955 editionem
687 929 707 953 a
739 913 863 954 Maria
898 916 982 969 ipsa
1015 914 1077 956 vel
1108 915 1221 956 Mose
1255 917 1294 955 in
1328 915 1500 965 deserto,
1544 916 1613 958 uhi

117 999 198 1038 otio
232 996 506 1046 abundabant,
541 997 746 1038 eonllatam
781 1012 883 1047 esse,
919 997 1028 1054 quod
1060 998 1153 1039 mihi
1187 1013 1266 1039 non
1301 997 1475 1041 absimile
1505 999 1614 1041 vidc-

115 1089 192 1130 tur‚
227 1096 275 1121 an
307 1083 440 1137 potius
474 1095 495 1120 a
527 1079 683 1121 Debora
719 1080 776 1120 vel
809 1080 882 1120 alia
914 1082 1167 1137 prophetissa
1199 1097 1244 1123 eo
1279 1082 1441 1123 consilio
1475 1083 1613 1139 ampli-

114 1163 270 1204 ficatum
311 1179 394 1205 esse
435 1164 511 1204 hoe
551 1178 709 1220 poema,
753 1172 797 1204 ut
828 1179 907 1205 una
939 1179 1025 1205 cum
1059 1168 1194 1207 ceteris
1230 1166 1483 1207 ovationibus
1515 1169 1612 1208 reci-

117 1255 274 1288 taretur.
338 1247 529 1303 Majorem
569 1247 696 1288 saltim
737 1247 857 1302 hujus
899 1250 1078 1289 carminis
1118 1258 1267 1305 partem
1301 1257 1388 1290 ante
1420 1249 1611 1292 Davidem

114 1332 311 1372 exstitisse
351 1332 445 1372 satis
486 1331 729 1372 demonstrat
759 1330 939 1371 Psalmus
971 1332 1200 1382 LXXXIX,
1247 1336 1313 1390 qui
1353 1333 1426 1375 sub
1460 1334 1611 1377 Davide

114 1416 283 1470 scriptus
317 1423 375 1455 est
408 1411 461 1466 (v.
486 1413 542 1456 20
565 1412 683 1471 sqq.)‚
719 1415 786 1470 qui
820 1423 948 1455 autem
981 1417 1034 1456 ita
1066 1416 1115 1456 ad
1147 1416 1223 1456 hoc
1255 1410 1446 1458 cantIcum
1473 1418 1612 1460 alludit

114 1494 195 1549 (vv,
220 1495 394 1550 6-10),
430 1506 474 1539 ut
507 1500 573 1554 qui
600 1506 767 1539 veterem
801 1498 968 1554 aliquam
1003 1513 1046 1539 ac
1077 1498 1175 1540 bene
1197 1509 1333 1541 notam
1357 1503 1609 1558 scriptionem

114 1582 260 1622 citaret.
327 1580 547 1634 Quinetiam
587 1581 663 1622 hoe
702 1595 844 1637 poema
875 1581 1153 1624 bellicosorum
1183 1583 1444 1626 Israelitarum
1478 1587 1607 1627 animo

112 1678 155 1704 ac
193 1673 321 1705 mente
361 1666 415 1705 ita
455 1679 494 1705 se
534 1666 825 1706 commiscuisse
858 1665 1037 1716 videtur,
1080 1675 1125 1707 ut
1163 1667 1251 1708 inde
1289 1683 1405 1709 suum
1436 1668 1609 1710 baritum

111 1747 171 1788 vel
203 1748 397 1804 proelium
427 1748 698 1789 inchoantium
729 1763 880 1804 paeana
912 1758 949 1790 et
981 1750 1296 1792 acclamationem
1317 1760 1456 1793 mutuo
1479 1767 1608 1794 sume-

110 1839 208 1872 rent.
271 1831 407 1887 Neque
448 1833 549 1873 enim
592 1831 756 1872 dubium
805 1840 880 1882 est,
932 1834 1029 1889 quin
1070 1832 1188 1874 verba
1227 1834 1311 1875 illa:
1359 1830 1605 1903 Πέῂέ-ηέ

109 1908 220 1981 ΠῘΓῚἾ
260 1897 447 1981 ΠἽῙἾζξζξ,
498 1916 588 1971 quis
633 1916 737 1955 sicut
781 1922 823 1955 tec
871 1916 976 1956 inter
1015 1916 1150 1968 Deos,
1191 1916 1377 1959 Jelzova?
1425 1934 1524 1974 quae
1566 1922 1606 1961 in

108 1997 265 2038 Psalmo
298 1997 526 2047 LXXXIX,
558 1995 604 2046 6,
637 1997 664 2039 8
702 2007 908 2048 resonant,
960 1999 1070 2039 heroi
1110 1999 1163 2040 illi
1204 1999 1329 2042 ,Judae
1368 2001 1603 2044 Maccabaco

109 2095 326 2137 cognomen
358 2083 609 2137 impertiisse‚
645 2081 789 2122 scilicet
821 2097 840 2123 e
872 2091 1062 2138 quattuor
1085 2082 1369 2125 vocabulorum
1401 2087 1603 2142 principiis

108 2169 258 2213 ³2:³72,
303 2179 400 2220 quas
440 2164 587 2205 litteras
622 2165 781 2205 ultimus
815 2165 876 2206 ille
908 2166 1170 2207 Israelitarum
1202 2166 1408 2218 liberator,
1453 2171 1491 2210 in
1524 2185 1604 2211 mc-

108 2250 269 2288 moriam
303 2256 476 2289 veterum
499 2250 772 2297 victoriarum,
808 2249 960 2290 vexillis
993 2251 1074 2290 suis
1108 2250 1374 2292 inscribendas
1398 2263 1603 2296 curaverat

107 2328 203 2382 (vid.
229 2330 430 2379 Grotium‚
465 2331 515 2372 ad
536 2331 709 2373 Maecab.
733 2332 783 2381 Il,
808 2329 866 2385 4).
914 2331 1012 2374 Nam
1046 2333 1155 2390 quod
1186 2334 1249 2375 alii
1283 2335 1425 2377 docent
1454 2351 1602 2392 cogno-

106 2429 192 2455 men
224 2414 320 2455 illud
351 2414 567 2456 derivatum
601 2430 684 2457 esse
717 2431 738 2456 a
771 2415 969 2458 chaldaico
1003 2420 1168 2486 Νὲῖῦτᾨ,
1205 2418 1384 2471 malleus)
1420 2434 1499 2475 quo
1534 2420 1600 2461 de-

106 2506 288 2539 notarent
317 2497 543 2540 bellatorem
579 2501 645 2555 qui
678 2499 811 2541 hostes
846 2501 1122 2549 contunderet,
1158 2500 1196 2541 id
1219 2501 1313 2541 mihi
1337 2516 1474 2557 parum
1501 2505 1600 2544 veri-

106 2581 228 2622 simile
267 2581 434 2623 videtur.
497 2580 577 2623 Nec
618 2582 732 2624 video
781 2583 983 2639 quomodo
1031 2598 1074 2625 ea
1117 2586 1308 2625 sententia
1348 2585 1599 2628 confirmetur

107 2664 391 2721 orthographia
413 2664 560 2706 Graeca
583 2667 883 2720 ,Μακκαβαῖος
930 2665 1049 2720 Quod
1081 2669 1182 2708 enim
1204 2667 1400 2709 affirmant
1421 2668 1596 2711 futurum

106 2746 245 2796 fuisse,
293 2755 337 2788 ut
375 2750 639 2802 ΖΙῙαχαβαῖος
677 2749 929 2799 scriberetur,
972 2752 1004 2790 si
1043 2765 1185 2791 nomen
1225 2766 1244 2792 e
1284 2760 1474 2808 quattuor
1511 2755 1596 2794 istis

106 2830 241 2871 litteris
291 2830 502 2873 conflatum
547 2841 668 2883 essct,
716 2834 757 2874 id
804 2848 884 2874 non
932 2832 1097 2889 dispicio
1144 2848 1222 2890 quo
1260 2835 1349 2891 jure
1389 2834 1593 2886 affirment,

105 2927 246 2970 quum,
288 2922 332 2955 ut
371 2916 424 2955 ait
464 2914 652 2957 Gesenius
687 2913 898 2969 (Thesaur.
932 2932 970 2973 p.
997 2914 1120 2969 648),
1164 2917 1379 2959 »vocabula
1423 2921 1593 2961 semitica
