1867 3301
963 184 1064 231 278

266 333 303 368 in
344 341 477 383 pugna
519 328 600 375 illa,
646 341 744 382 quae
786 329 886 366 inter
925 324 1149 380 Bal-aquum
1192 334 1230 366 et
1261 324 1409 365 Sisram
1449 328 1654 366 commissa
1686 335 1756 376 est,

267 412 483 451 densissimi
518 409 659 450 imbres
693 409 878 449 resolutis
915 407 1089 448 nubibus
1130 407 1327 457 caderent,
1371 407 1474 449 unde
1508 407 1660 462 Quislio
1698 409 1758 450 ille

266 497 440 550 riparum
473 508 631 534 suarum
664 494 878 548 marginem
911 490 1116 540 desereret,
1153 500 1190 532 ct
1221 493 1258 531 in
1285 499 1441 547 apertos
1475 506 1634 548 campos
1665 507 1759 548 pro-

269 579 378 618 l'usus
411 585 524 618 esset.
591 575 707 629 Quod
747 577 868 631 igitur
898 574 1098 615 Pharaoni
1139 576 1179 614 in
1218 576 1315 614 mari
1345 574 1566 630 Erythraeo
1607 574 1757 625 accidit,

268 661 366 702 idem
409 660 487 701 sere
529 659 660 701 Sisrae
701 657 881 699 curribus
930 656 1205 713 impedimento
1255 657 1373 698 l'uisse
1421 657 1641 712 putandum
1687 667 1758 700 est.

266 745 394 800 Aquis
433 745 533 784 enim
576 741 866 783 incurrentibus
906 725 1061 781 nonnisi
1110 740 1321 781 admodum
1370 739 1578 782 difficulter
1622 740 1761 798 pedem

266 835 450 883 poterant
479 840 725 882 promovere.
775 825 974 881 Joseplius
998 826 1034 865 in
1059 824 1360 879 Arclcaeoloyia
1389 838 1460 865 sua
1481 824 1575 866 alias
1607 833 1762 867 enarrat

268 926 425 960 causas,
469 918 712 967 quapropter
745 910 908 950 victoria
940 908 1113 963 Baraqui
1152 907 1302 948 facilius
1346 907 1551 948 conciliata
1581 910 1644 949 sit.
1705 909 1762 951 Ita

267 997 366 1036 enim
409 993 593 1034 describit
632 1007 818 1049 pugnam.
883 991 1100 1048 »Magna«,
1134 993 1282 1047 inquit,
1326 998 1561 1047 »tempestas
1599 993 1760 1048 ingruit,

267 1093 353 1119 cum
384 1078 494 1134 largo
528 1076 650 1117 imbre
683 1084 722 1116 et
746 1075 948 1131 grandine.
1011 1074 1245 1131 Ventusque
1276 1076 1316 1115 in
1348 1073 1536 1116 adversos
1557 1073 1762 1117 *canaani-

268 1171 393 1203 tarum
426 1160 560 1201 vultus
592 1160 766 1216 pluviam
800 1161 899 1216 egit,
941 1173 1041 1214 quae
1084 1158 1206 1199 oculis
1247 1172 1382 1199 eorum
1423 1158 1623 1215 caliginem
1662 1158 1762 1216 obji-

266 1254 388 1294 ceret,
428 1246 483 1285 ita
520 1252 566 1285 ut
597 1243 729 1299 jacula
769 1251 806 1284 et
844 1241 988 1283 fundae
1030 1241 1104 1283 illis
1145 1242 1244 1300 nulli
1281 1250 1409 1283 essent
1448 1243 1550 1283 usui.
1622 1241 1762 1284 Gravis

267 1332 381 1370 etiam
413 1336 630 1369 armaturae
662 1327 823 1376 milites,
856 1340 949 1383 prae
982 1334 1158 1381 torpore,
1192 1324 1331 1382 gladiis
1363 1327 1420 1366 uti
1453 1341 1535 1367 non
1566 1334 1760 1382 poterant.

264 1413 457 1454 Israelitas
490 1427 582 1453 vero
616 1419 848 1467 tempestas,
882 1418 928 1451 ut
960 1424 1058 1466 quae
1090 1417 1200 1466 terga
1231 1423 1366 1450 eorum
1400 1408 1684 1460 diverberaret,
1724 1418 1763 1451 et

264 1499 393 1538 minus
429 1494 670 1544 offendebat,
704 1503 742 1536 et
774 1493 862 1535 inde
894 1494 1061 1549 majores
1095 1494 1245 1534 animos
1280 1491 1505 1543 sumebant,
1545 1495 1760 1550 cogitantes

264 1580 392 1622 Deum
425 1579 498 1620 sibi
522 1581 561 1619 in
584 1578 773 1619 auxilium
798 1579 969 1627 venisse3
1002 1576 1099 1617 adeo
1127 1584 1182 1626 ut,
1217 1579 1257 1618 in
1280 1576 1429 1618 medios
1450 1576 1584 1619 hostes
1608 1579 1760 1619 irruen-

268 1673 336 1713 tes,
370 1666 566 1720 ingentem
598 1676 734 1703 eorum
768 1669 936 1717 stragem
969 1659 1160 1701 ederent«
1207 1660 1258 1701 Et
1287 1659 1486 1716 Josephus
1519 1660 1676 1717 quidem
1708 1663 1763 1702 ita

265 1745 319 1800 [v.
344 1746 383 1797 5,
418 1742 562 1800 §4¹)].
627 1744 707 1786 Sed
748 1759 768 1785 e
808 1745 974 1785 carmine
1015 1745 1103 1799 ipso
1145 1742 1254 1783 facile
1294 1743 1484 1800 colligatis
1517 1743 1761 1785 subitaneam

264 1831 477 1872 fluviorum
519 1829 699 1870 alluviem
740 1829 915 1869 hostium
955 1828 1088 1883 copias
1130 1825 1363 1868 devolvisse.
1425 1826 1624 1868 Proelium
1661 1829 1762 1869 enim

265 1916 516 1956 commissum
549 1921 607 1954 est
648 1914 714 1952 »in
748 1912 786 1952 T
785 1909 997 1953 αῘιαηασΙιο
1037 1924 1157 1966 super
1194 1924 1316 1966 aquas
1348 1910 1645 1967 Megiddonis«,
1679 1913 1704 1952 i.
1727 1925 1760 1952 e.

265 2001 365 2039 inter
403 1997 482 2038 duo
523 1996 683 2037 brachia
717 1994 932 2049 Quislionis
973 1994 1097 2035 lluvii.
1160 1992 1260 2034 Nam
1294 1992 1446 2047 Quisho
1486 1993 1548 2035 ille
1587 1995 1627 2035 in
1657 1993 1762 2035 radi-

265 2081 375 2123 cibus
407 2082 552 2121 montis
584 2078 754 2120 Taboris
789 2087 919 2119 ortum
951 2076 1081 2127 habet,
1117 2077 1254 2118 deinde
1289 2091 1381 2118 vero
1416 2077 1618 2134 complura
1648 2079 1689 2119 in
1720 2092 1761 2119 se

264 2165 424 2206 brachia
459 2164 665 2220 colligens,
707 2177 787 2203 uno
828 2162 938 2202 alveo
981 2161 1030 2202 ad
1062 2159 1359 2217 Septentriones
1393 2175 1530 2202 versus
1574 2160 1758 2211 defertur,

265 2256 303 2289 et
334 2249 430 2289 mari
464 2262 503 2287 se
534 2245 823 2287 Mediterraneo
857 2246 1056 2286 immiscet.
1069 2239 1099 2297 ⁹)
1162 2242 1293 2297 Quum
1332 2246 1452 2300 igitur
1481 2244 1688 2301 Baraquus
1720 2246 1761 2286 in

372 2398 396 2440 ¹)
430 2399 693 2445 προσμιγέντων
727 2383 839 2431 αὐτῶν
863 2398 1001 2443 χείμων
1033 2397 1223 2441 ἐπιγίνεται
1246 2397 1359 2442 μέγας
1383 2394 1443 2430 καὶ
1466 2394 1562 2443 ὕδωρ
1588 2387 1676 2430 πολῦ
1699 2395 1760 2430 καὶ

260 2464 413 2510 χάλαζα.
448 2463 506 2497 τόν
529 2474 561 2497 τε
589 2461 684 2497 §erim
708 2459 795 2496 κατὰ
819 2461 1007 2509 πρόσωπον
1031 2460 1157 2503 ἤλαυνε
1182 2461 1248 2494 τῶν
1272 2463 1494 2495 Χαναναίων
1519 2459 1658 2507 ἄνεμος,
1687 2464 1761 2500 ταῖς

264 2528 388 2573 ὄψεσιν
415 2527 525 2562 αὐτῶν
559 2527 762 2568 ἐπισκοτῶν,
795 2527 840 2564 ὡς
872 2523 929 2564 τὰς
961 2527 1090 2566 τοξείας
1121 2524 1310 2572 ἀχρήστους
1342 2525 1457 2563 αὐτοῖς
1487 2526 1580 2560 εἶναι
1610 2525 1671 2560 καὶ
1701 2524 1760 2564 τὰς

264 2593 470 2639 σφενδόνας.
517 2594 554 2627 οἳ
580 2605 612 2627 τε
644 2591 782 2626 ὁπλῖται
812 2589 872 2626 διὰ
906 2588 940 2625 τό
975 2590 1082 2640 κρύος
1105 2590 1265 2637 χρῆσθαι
1294 2593 1364 2628 τοῖς
1397 2593 1536 2636 ξίφεσιν
1560 2590 1622 2625 οὐκ
1653 2592 1758 2636 εἶχον.

263 2655 338 2696 τοὺς
362 2657 399 2692 ‹5'
423 2657 633 2703 Ἰσραηλίτας
658 2651 754 2700 ἧττόν
778 2669 810 2691 τε
837 2658 976 2701 ἔβλαπτε
1001 2655 1144 2690 κατόπιν
1168 2654 1358 2701 γινόμενος
1383 2654 1400 2690 ὃ
1415 2658 1562 2702 χείμων,
1588 2655 1650 2690 καὶ
1672 2653 1758 2704 πρὸς

262 2721 322 2765 τὴν
353 2723 494 2757 ἔννοιαν
525 2722 580 2765 τῆς
611 2725 777 2767 βοηθείας
806 2723 864 2756 τοῦ
899 2721 989 2756 Θεοῦ
1022 2720 1156 2765 θάρσος
1189 2721 1405 2766 ἐλάμβανον·
1439 2719 1523 2756 ὥστε
1553 2723 1602 2760 εἷς
1632 2722 1757 2767 μέσους

264 2787 441 2834 ᾠσιὶμενοι
465 2785 538 2825 τοὺς
562 2789 759 2834 πολεμίους,
785 2784 928 2824 πολλοὺς
954 2786 1064 2821 αὐτῶν
1089 2786 1305 2822 ἀπέκτειναν.
1710 2782 1714 2786 ’

363 2853 390 2897 ²)
422 2852 469 2888 Ut
498 2852 690 2887 Brocardus
723 2853 784 2886 ait:
816 2851 971 2894 »Quisho
1006 2850 1135 2897 colligit
1168 2849 1281 2896 plures
1314 2862 1437 2896 aquas,
1479 2851 1557 2896 quia
1589 2861 1607 2884 a
1641 2854 1754 2884 monte

265 2917 425 2963 Ephraim
453 2923 485 2952 et
510 2930 527 2951 a
551 2917 636 2952 locis
662 2917 830 2953 Samariae
855 2916 1157 2963 propinquioribus
1184 2921 1283 2963 atque
1309 2927 1328 2950 a
1352 2921 1425 2951 toto
1453 2927 1567 2962 campo
1587 2913 1755 2950 Esdrelon
