1867 3301
696 196 978 269 A&

209 356 247 384 v,
270 339 311 384 8.
351 339 576 396 Descriptio
598 337 814 395 majestatis
838 344 877 379 et
896 336 1109 394 potentiae,
1133 348 1211 393 qua
1232 333 1386 376 Jehova
1408 347 1447 376 se
1467 334 1590 376 Israe-

90 426 169 469 litis
189 440 261 483 per
283 424 479 467 desertum
501 424 574 465 iter
595 420 827 464 facientibus
852 421 1121 470 ostentaverit,
1153 418 1359 462 manifesto
1384 418 1589 476 desumpta

92 518 151 552 est
182 525 231 552 ex
254 508 434 551 Deborae
468 509 617 548 cantico
653 503 734 559 (vv.
758 504 798 556 4,
823 502 890 559 5);
924 514 962 547 et
992 512 1223 562 argumento
1258 511 1317 545 est
1340 502 1472 544 ambas
1495 503 1591 543 seri-

91 595 247 651 ptiones
287 595 328 634 in
367 591 500 633 eadem
534 590 761 633 collectione
794 589 923 631 locum
956 589 1163 639 habuisse,
1206 587 1315 645 quod
1350 588 1506 644 phrasis
1537 589 1590 649 Πῖ-

91 681 190 739 Ἶέᾯ
224 676 276 719 ibi
309 677 348 718 in
380 676 548 717 alienum
582 675 711 716 locum
746 688 794 715 ex
825 688 943 716 versu
967 672 992 716 9
1025 674 1239 729 irrepserit.
1286 672 1344 713 De
1377 673 1451 713 ista
1482 649 1593 713 locu*-

91 763 198 804 tione
230 775 366 803 verum
399 759 500 801 vidit
536 760 727 815 interpres
762 750 954 808 Graecus,
999 759 1066 815 qui
1098 755 1218 799 verba
1250 764 1387 798 nostra
1419 757 1474 797 sic
1504 755 1594 798 red-

95 844 213 888 didit:
246 840 333 885 ἀπὸ
367 838 601 898 προσώπου
632 841 707 884 τοῦ
737 843 849 884 θεοῦ
878 841 954 882 τοῦ
974 842 1111 883 §maa
1150 841 1207 882 Ita
1228 849 1275 882 ut
1296 844 1353 902 m.
1372 855 1593 897 pronomen

94 928 143 971 ad
174 928 300 970 Deum
333 927 536 977 referatur,
581 934 636 976 et,
678 926 787 983 quod
820 941 934 982 saepe
966 925 1011 967 fit
1043 924 1149 982 apud
1183 903 1374 975 Graecos,
1417 923 1593 966 fortioris

95 1013 246 1055 articuli
288 1020 418 1069 partes
453 1011 658 1052 sustineat.
717 1009 904 1052 Similiter
935 1011 974 1050 in
1006 1009 1163 1050 Psalmo
1194 1007 1342 1059 XXIV,
1377 1023 1441 1050 vv.
1466 1007 1506 1059 8,
1542 1006 1595 1049 10

94 1096 280 1154 legimus:
313 1098 455 1163 ἾΞέζῚ
488 1077 595 1162 1¹77?
629 1090 707 1147 (vel
738 1098 792 1157 ΠΣ
816 1090 926 1147 Nm)
950 1096 1094 1161 ΠΣ-Ἶᾮ,
1117 1092 1186 1134 ubi
1209 1092 1351 1135 fortius
1374 1107 1596 1150 pronomen

96 1184 192 1227 &RH
225 1180 322 1221 illud
359 1184 412 1225 ΓΠ
452 1178 501 1219 ad
542 1178 694 1219 articuli
735 1177 907 1220 officium
946 1179 1128 1220 remittit:
1176 1192 1264 1218 nam
1306 1176 1442 1219 Graeci
1481 1179 1543 1226 τίς
1573 1173 1596 1218 ὃ

96 1260 317 1319 βασιλεύςς
356 1234 408 1305 etz-
425 1263 486 1311 τίς
518 1257 640 1312 οὗτος
672 1259 694 1303 ὁ
726 1260 944 1316 βασιλεύςς
984 1260 1062 1304 fere
1095 1260 1232 1303 eodem
1265 1276 1384 1303 sensu
1417 1261 1594 1303 efferunt.

97 1348 231 1405 Atque
264 1348 359 1389 haec
390 1349 491 1389 ratio
525 1347 739 1403 simplicior
761 1355 830 1397 est,
866 1360 982 1403 quam
1013 1354 1071 1397 ut,
1106 1360 1192 1387 cum
1215 1344 1466 1387 Schultensio
1493 1345 1599 1386 aliis-

100 1446 188 1490 que,
222 1430 271 1473 ad
302 1430 517 1473 Arabicum
551 1416 628 1492 ἐξ),
668 1430 897 1485 Dominus,
950 1429 1216 1471 decurramus.
1279 1409 1416 1471 Obiter
1454 1443 1597 1471 moneo

98 1515 298 1557 Psalmum
323 1515 459 1557 XXIV
489 1513 753 1572 proculdubio
787 1515 1024 1571 pertinuisse
1057 1513 1106 1555 ad
1139 1513 1300 1555 eandem
1332 1513 1433 1554 hanc
1464 1513 1599 1569 templi

102 1597 345 1640 Solomonici
380 1599 684 1649 dedicationem3
725 1597 773 1640 cf.
806 1614 871 1640 vv.
897 1597 936 1648 7,
960 1596 985 1640 9
1019 1613 1106 1639 curn
1143 1596 1161 1639 1
1187 1597 1286 1654 Reg.
1303 1595 1410 1647 VIII,
1439 1595 1504 1647 13,
1529 1595 1598 1638 27.

103 1681 128 1724 2
158 1683 285 1724 Paral.
316 1683 388 1734 Vi,
422 1682 468 1733 2,
503 1681 579 1734 183
627 1681 695 1724 scd
726 1697 806 1724 non
839 1690 948 1738 patet
978 1681 1200 1724 breviorem
1233 1682 1335 1723 illam
1371 1681 1601 1723 cantilenam

102 1768 142 1808 in
173 1766 273 1808 libro
296 1766 516 1809 Jasharano
550 1765 739 1808 inclusam
772 1765 915 1817 suisse3
948 1767 1080 1816 immo,
1115 1780 1236 1823 quum
1267 1766 1306 1806 in
1329 1764 1502 1806 secundo
1525 1764 1602 1806 hoc

101 1849 347 1892 Psalmorum
381 1850 482 1892 libro
515 1865 596 1891 non
627 1851 861 1901 inveniatur,
895 1851 1114 1907 putaverim
1147 1850 1264 1905 primi
1295 1847 1383 1890 libri
1417 1849 1604 1905 compila-

103 1941 228 1976 torem
259 1949 340 1976 cam
373 1933 528 1976 aliunde
558 1934 849 1991 deprompsisse

223 2032 288 2060 vv.
315 2017 501 2061 12-15,
554 2018 721 2060 Locutio
756 2013 870 2088 5753&
902 2021 979 2087 ῘῙῬ
1008 2015 1230 2060 illustratur
1261 2016 1349 2058 loco
1382 2017 1601 2059 Jasharano

107 2102 202 2146 Gen.
225 2103 367 2153 XLIX,
392 2101 468 2144 21:
506 2101 747 2158 »Naphthali
781 2109 839 2142 est
871 2116 984 2144 cerva
1016 2103 1156 2144 emissa
1188 2098 1298 2171 ἾΞῖξι·
1321 2104 1450 2163 *⁸108
1483 2096 1604 2167 mim

105 2188 309 2230 ‘mandans
340 2186 468 2244 effata
489 2184 807 2242 pulcherrimam«
839 2184 921 2237 uhi,
956 2194 1002 2228 ut
1033 2200 1153 2243 supra
1191 2185 1382 2235 vidimus,
1424 2185 1605 2227 chorae

107 2273 299 2313 canticum
331 2269 568 2326 triumphale
601 2270 861 2327 significatum
902 2284 971 2311 nec
1003 2269 1167 2311 dubium
1200 2284 1284 2311 esse
1316 2277 1469 2326 potest,
1510 2271 1604 2326 quin

108 2354 171 2396 hic
211 2368 371 2411 quoque
412 2368 539 2395 sermo
583 2355 633 2395 sit
673 2353 718 2395 de
758 2354 964 2396 mulierum
1001 2354 1132 2396 choris
1173 2369 1195 2395 a
1234 2352 1379 2410 quibus
1421 2354 1606 2394 victoriae

109 2437 406 2480 celebrabantur
448 2434 603 2491 (Exod.
634 2437 724 2488 XV,
757 2437 826 2480 20.
868 2437 961 2480 Jud.
983 2438 1051 2488 XI,
1084 2436 1153 2479 34.
1199 2436 1217 2478 1
1247 2436 1352 2479 Sam.
1375 2437 1515 2488 XVIII,
1547 2433 1605 2490 6).

112 2521 242 2576 Quum
264 2524 385 2579 igitur
405 2520 683 2578 Naphthalitae
703 2531 869 2579 propter
890 2537 962 2564 sua
993 2521 1068 2563 sub
1090 2521 1274 2578 Raraquo
1299 2520 1472 2562 facinora
1495 2520 1609 2563 effata

109 2605 372 2662 pulcherrima
401 2605 605 2648 mandasse
629 2606 820 2657 dicantur,
853 2609 907 2648 ita
928 2606 991 2648 hic
1013 2619 1173 2663 quoque
1194 2605 1360 2655 Jehova,
1395 2606 1462 2662 qui
1486 2607 1610 2647 victo—

111 2690 189 2731 rias
231 2691 506 2740 concessisset,
549 2705 681 2732 earum
715 2690 1011 2734 celebrationem
1052 2690 1257 2731 mulierum
1300 2690 1465 2730 catervis
1501 2703 1610 2730 man-

114 2770 226 2813 dasse
266 2771 401 2814 fertur.
466 2772 601 2826 Qualis
644 2790 733 2832 spes
775 2773 942 2831 praedae
973 2774 1155 2816 mulieres
1186 2773 1414 2816 Israeliticas
1446 2774 1613 2830 agitaret

114 2855 292 2897 videmus
326 2871 375 2898 ex
411 2856 487 2898 hoc
525 2857 632 2908 loco,
677 2858 846 2900 vidimus
879 2872 1000 2915 supra
1031 2860 1071 2900 in
1103 2858 1284 2900 Deborae
1317 2858 1467 2899 cantico
1502 2852 1610 2909 (Jud.

113 2936 164 2989 V,
189 2936 262 2993 30)
296 2948 333 2981 et
364 2941 403 2982 in
425 2939 589 2983 Davidis
622 2944 760 2985 naenia
794 2940 837 2996 (2
861 2941 967 2985 Sam.
991 2942 1024 2993 I,
1048 2938 1136 2996 24),
1169 2942 1240 2985 ubi
1271 2956 1410 2984 aurum
1435 2937 1613 2981 vestibus

1282 3021 1329 3058 22
