1867 3301
790 192 817 238 3
830 194 849 237 l
861 192 982 263 3w

92 333 209 375 nibus
239 333 473 390 propulsare
505 332 566 374 vel
598 332 724 374 saltim
756 332 924 390 pedihus
956 334 1126 391 effugere
1160 335 1343 391 injuriam
1377 337 1585 391 potuisset,

93 417 229 459 fraude
261 417 452 459 malorum
486 415 730 458 occubuisse.

508 660 561 704 IN
594 660 877 705 CANTICUM
909 661 1166 706 TERTIUM.

209 836 268 879 De
300 838 377 880 hoc
409 839 596 887 carmine,
630 835 794 878 Davidis
826 838 990 893 pictate,
1025 837 1169 888 indole,
1204 837 1383 880 ubertate
1415 838 1588 881 refertis-

92 924 210 973 simo,
246 923 358 979 cujus
392 922 471 963 duo
506 929 663 964 exstant
695 920 950 978 exemplaria,
991 936 1115 962 unum
1146 923 1187 963 in
1219 922 1445 965 collectione
1475 923 1587 965 Psal-

90 1002 470 1060 moru1n‚(XVlIl),
511 1006 673 1047 alterum
715 1007 756 1046 in
787 1004 959 1047 secundo
994 1004 1185 1047 Samuelis
1218 1005 1320 1048 libro
1355 1003 1411 1061 (c.
1433 1005 1584 1061 XXII),

91 1090 239 1148 duplex
279 1092 406 1132 oritur
446 1091 645 1147 quaestio:
694 1104 866 1146 quonam
906 1088 947 1130 id
984 1098 1160 1146 tempore
1200 1093 1466 1148 conscriptum
1507 1091 1585 1134 sit?

90 1183 221 1217 utrum
255 1174 455 1231 exemplar
486 1173 536 1215 ad
567 1174 860 1231 autographum
892 1176 1057 1231 propius
1092 1174 1278 1216 accedat?

210 1258 287 1313 Qui
308 1258 431 1300 libros
454 1257 658 1308 Samuelis,
694 1258 827 1315 quales
854 1274 958 1300 nunc
978 1257 1182 1309 habemus,
1216 1258 1349 1310 edidit,
1383 1262 1428 1310 is,
1465 1275 1585 1317 quum

89 1344 165 1386 hoc
197 1358 350 1385 carmen
383 1342 456 1384 sub
489 1342 604 1384 finem
626 1342 836 1384 Davidicae
870 1343 1058 1385 historiae
1092 1345 1312 1393 inseruerit,
1347 1345 1586 1387 existimavit

88 1426 352 1485 proculdubio
393 1426 494 1468 hanc
534 1426 687 1468 divinae
725 1427 1021 1469 benevolentiae
1054 1412 1464 1469 commemorationem
1504 1444 1586 1472 non

88 1513 267 1569 potuisse
306 1526 387 1553 non
427 1525 448 1552 a
480 1510 630 1553 Davide
672 1526 762 1553 sene
796 1511 1010 1562 conscribi,
1055 1526 1176 1568 quum
1208 1511 1286 1553 fere
1320 1514 1450 1554 omnia
1481 1516 1583 1555 vitae

86 1595 259 1652 pericula
289 1594 465 1637 Jchovae
497 1595 646 1637 auxilio
680 1595 881 1653 effugerat.
935 1596 1031 1637 Rem
1065 1604 1194 1637 autem
1227 1596 1337 1638 aliter
1369 1611 1409 1638 sc
1441 1597 1584 1641 habere

87 1694 169 1721 non
206 1693 287 1721 uno
329 1687 559 1736 argumento
594 1679 811 1721 ostendam.
866 1680 1040 1721 Primum
1074 1682 1174 1721 enim
1215 1682 1423 1738 utriusque
1455 1696 1585 1724 exem-

86 1763 205 1820 plaris
239 1763 377 1805 titulus
410 1764 604 1822 significat
624 1764 814 1806 Davidem
847 1763 924 1805 hoc
946 1779 1099 1806 carmen
1122 1767 1317 1814 cecinisse,
1352 1779 1474 1821 quum
1497 1781 1584 1815 eum

86 1847 240 1889 Jehova
277 1855 356 1888 tam
397 1862 418 1888 a
458 1850 593 1889 ceteris
635 1849 718 1904 ejus
759 1847 964 1901 hostibus,
1005 1863 1122 1905 quam
1162 1851 1202 1890 in
1238 1850 1373 1906 primis
1407 1865 1428 1890 a
1461 1849 1582 1892 Saulo

86 1930 302 1972 liberasset.
341 1931 452 1974 Mors
485 1933 606 1989 igitur
629 1931 758 1982 Sauli,
794 1940 832 1973 et
864 1932 985 1973 civilis
1020 1932 1227 1983 dissensio,
1261 1948 1362 1990 quae
1385 1933 1473 1975 inde
1497 1943 1585 1976 orta

87 2023 156 2065 est,
191 2030 274 2056 non
304 2024 383 2056 tam
415 2016 535 2073 longo
570 2025 658 2057 ante
690 2024 866 2072 tempore
898 2017 1164 2073 praeterlapsa
1196 2025 1298 2068 erat,
1334 2032 1454 2075 quum
1487 2018 1583 2061 hacc

88 2099 277 2140 cantilena
315 2100 453 2141 litteris
486 2098 750 2141 mandaretur.
807 2100 956 2141 Deinde
989 2115 1103 2151 vcro,
1145 2100 1315 2143 Davidcs
1349 2117 1430 2143 non
1462 2117 1582 2145 ausus

87 2191 189 2224 esset
222 2183 401 2240 profiteri
435 2180 515 2237 (vv.
540 2182 733 2238 21-25)
767 2199 808 2225 se
840 2183 913 2225 Dei
943 2185 1104 2226 tutelam
1137 2194 1302 2242 propter
1333 2188 1435 2228 vitae
1468 2189 1582 2228 inno-

87 2269 249 2308 centiam
281 2269 461 2310 meritum
494 2282 590 2318 esse,
624 2270 657 2309 si
683 2268 766 2324 jam
798 2276 911 2311 antea
941 2267 1072 2311 Uriam
1097 2268 1320 2312 Chittacum
1353 2269 1445 2312 dolo
1479 2271 1580 2313 malo

86 2351 394 2393 interficiendum
428 2361 622 2403 curasset,
658 2352 863 2394 dumtaxat
895 2355 987 2410 quia
1017 2368 1088 2395 rex
1119 2355 1203 2411 ipse
1236 2369 1323 2395 cum
1353 2354 1582 2396 Bathshcba

85 2450 212 2477 uxore
234 2437 318 2492 ejus
341 2435 575 2477 adulterium
598 2434 867 2479 commisisset.
908 2436 1100 2494 Denique,
1134 2437 1266 2487 verba,
1301 2437 1445 2494 quibus
1468 2453 1581 2495 prae-

86 2534 174 2561 sens
204 2519 277 2561 Dei
309 2520 501 2562 auxilium
534 2530 872 2572 commemoratur,
906 2537 970 2562 vv.
996 2519 1153 2572 7-16‚
1188 2521 1237 2562 ad
1269 2523 1455 2563 amussim
1488 2537 1581 2564 con-

86 2605 249 2645 veniunt
280 2619 367 2645 cum
397 2619 531 2662 pugna
561 2605 626 2646 illa
659 2620 736 2662 qua
766 2619 892 2662 prope
924 2605 1170 2662 Baalprazim
1201 2605 1435 2647 Philistaeos
1467 2605 1580 2664 fuga-

86 2695 206 2737 verat,
241 2702 371 2744 quam,
405 2696 451 2730 ut
481 2704 603 2746 supra
634 2689 817 2739 vidimus,
851 2688 999 2730 Jesaias
1030 2692 1084 2730 ita
1117 2705 1203 2731 cum
1236 2689 1381 2731 Josuac
1414 2691 1580 2732 victoria

86 2779 297 2828 comparat,
331 2780 377 2813 ut
407 2771 621 2830 utrobique
654 2774 788 2815 hostes
820 2772 1009 2831 grandine
1043 2782 1080 2815 et
1106 2773 1333 2816 fulminibus
1355 2783 1578 2831 prostratos

85 2854 205 2896 fuisse
239 2854 473 2896 credendum
507 2858 569 2897 sit.
615 2856 723 2911 Quae
756 2872 877 2914 quum
909 2859 961 2899 ita
995 2859 1084 2907 sint,
1120 2857 1298 2914 equidem
1330 2873 1410 2899 non
1438 2857 1576 2899 dubito

85 2938 162 2981 hoc
193 2935 357 2981 carmen*
380 2939 429 2981 ad
460 2939 500 2981 id
531 2949 685 2998 tempus
717 2941 873 2993 referre,
908 2941 1018 2999 quod
1049 2942 1222 2984 secundo
1246 2941 1437 2985 Samuelis
1459 2941 1574 2992 libro,
