1867 3301
790 203 886 250 223

92 346 185 388 haec
231 348 303 387 tria
353 347 520 387 carmina
561 344 729 401 quadam
769 346 953 386 societate
994 342 1085 384 olim
1126 356 1304 384 connexa
1343 355 1444 390 esse,
1495 356 1583 382 nam

92 430 316 471 Levitarum
358 429 422 469 illa
459 427 678 469 benedictio
720 429 865 468 inserta
905 435 981 477 est,
1023 435 1069 467 ut
1100 425 1235 467 Jacobi
1274 424 1583 466 maledictionem

93 513 377 569 quadamtenus
409 513 617 568 mitigaret.
665 510 715 552 Et
743 512 795 559 si,
830 519 875 550 ut
897 525 1018 566 supra
1041 509 1325 558 demonstravi,
1360 507 1458 549 liber
1478 507 1585 549 Deu-

92 598 301 638 teronomii
336 595 562 651 fragmentis
590 594 817 635 Jasharanis
856 592 962 634 haud
999 594 1156 633 minima
1193 607 1243 633 ex
1276 600 1387 648 parte
1417 599 1581 641 constat,

91 679 167 721 hoe
198 681 237 720 in
268 679 343 720 fine
374 677 463 719 libri
495 676 685 718 verbatim
718 678 958 732 exscriptum
991 690 1143 717 carmen
1176 675 1311 718 eodem
1343 675 1451 717 fonte
1483 675 1585 716 deri-

93 771 225 804 vatum
257 762 378 803 fuisse
411 763 668 802 certissimum
702 750 781 801 est}

207 845 508 901 Philologorum
546 845 672 901 gratia
709 858 850 900 operae
882 845 1051 899 pretium
1084 851 1143 884 est
1175 842 1383 884 ohservare
1414 842 1583 884 radicem

91 924 203 976 ww
236 943 335 985 quae
368 930 408 969 in
440 943 476 968 v.
502 927 528 968 2
560 928 709 969 imbres
739 926 922 982 hispidos
953 935 991 967 et
1022 929 1062 968 in
1094 942 1131 967 v.
1160 925 1212 968 18
1245 927 1384 967 timere
1406 926 1466 967 vel
1487 925 1583 967 7207·-

90 1027 182 1054 rere
223 1011 402 1061 denotat,
444 1011 494 1052 ad
535 1025 667 1051 omnes
710 1025 851 1051 vocum
892 1012 1085 1065 φρίσσειν
1122 1019 1158 1052 et
1196 1009 1364 1052 horrere
1400 1012 1583 1051 notiones

93 1094 364 1151 exprimendas
399 1091 513 1148 (New
538 1093 722 1150 Cratylus
757 1090 904 1146 §288)
938 1093 1115 1135 adhiberi
1145 1109 1276 1150 posse.

211 1178 254 1219 In
285 1194 322 1219 V.
346 1176 386 1219 4.
434 1177 603 1218 Dathius
645 1177 787 1233 aliique
818 1192 955 1218 vocem
994 1181 1099 1227 ἫΕ,
1143 1192 1241 1234 quae
1279 1185 1388 1218 tanta
1427 1191 1512 1218 eum
1546 1179 1584 1218 vi

91 1263 208 1303 toties
241 1263 280 1302 in
312 1261 388 1302 hoe
421 1262 587 1302 carmine
620 1262 804 1310 iteratur,
846 1276 894 1302 ex
926 1261 1210 1317 significatione
1245 1259 1352 1302 verbi
1384 1264 1466 1306 ἫΞ
1498 1275 1585 1302 ver-

91 1353 171 1386 tere
203 1345 354 1386 malunt
385 1351 621 1397 creatorem,
655 1352 865 1400 propterea
897 1344 1006 1401 quod
1027 1344 1134 1386 Deus
1166 1353 1249 1385 tum
1282 1343 1435 1385 demum
1461 1359 1586 1400 rupes

42 1435 45 1439 '
93 1436 266 1478 vocetur,
302 1442 423 1484 quum
456 1426 501 1468 de
534 1430 740 1469 securitate
773 1436 810 1469 et
832 1428 976 1478 salute,
1011 1443 1127 1484 quam
1151 1410 1386 1469 hominibus
1399 1435 1582 1484 praestet,

92 1526 219 1553 sermo
250 1513 312 1552 sit.
360 1511 432 1552 Hic
457 1519 606 1561 autem,
642 1519 687 1552 ut
707 1519 870 1568 putant,
905 1512 1122 1553 creationis
1142 1514 1277 1568 potius
1300 1526 1416 1568 quam
1438 1511 1586 1553 tutelae

91 1597 202 1636 notio
244 1594 400 1644 subest3
442 1603 558 1651 atque
596 1597 737 1636 iterum
768 1597 809 1635 in
841 1610 878 1637 v.
907 1594 972 1637 18.
1036 1595 1091 1637 At
1121 1611 1215 1637 vero
1247 1610 1318 1652 per
1348 1603 1478 1637 totum
1508 1595 1586 1636 hoc

93 1681 283 1721 canticum
314 1678 422 1720 Deus
454 1687 640 1735 tanquam
672 1678 797 1720 tutela
816 1693 1017 1734 praesens
1037 1679 1299 1720 Israelitarum
1321 1679 1584 1735 significatur3

92 1771 129 1804 et
161 1762 270 1820 quod
301 1762 350 1803 ad
381 1778 418 1803 v.
448 1761 500 1804 18
533 1764 688 1812 attinet,
722 1761 792 1803 ubi
825 1744 942 1831 37¹2*
968 1766 1071 1812 5³3,
1104 1778 1229 1818 rupes
1258 1778 1363 1820 quae
1387 1769 1423 1803 te
1445 1763 1588 1818 qenuit

91 1845 311 1896 inducitur,
351 1845 518 1896 Jesaias,
561 1848 629 1902 qui
670 1845 746 1886 hoe
785 1860 927 1902 poema
964 1848 1164 1903 cognitum
1196 1845 1383 1887 habuisse
1414 1845 1583 1895 videtur,

93 1928 299 1970 substituit
335 1931 375 1970 in
416 1928 682 1970 admonitione
724 1944 794 1970 sua
829 1926 910 1982 (LI,
943 1926 983 1982 1)
1025 1931 1230 1986 »respicite
1270 1929 1320 1970 ad
1358 1944 1496 1985 rupem
1536 1944 1585 1970 ex

94 2027 170 2069 qua
210 2014 331 2054 excisi
373 2014 492 2053 estis«
534 2009 796 2072 (ΒΠΞᾎΓῚ),
846 2020 892 2053 ut
931 2014 1136 2069 imaginem
1178 2012 1360 2054 omnibus
1401 2012 1584 2054 membris

93 2098 386 2137 convenientem
419 2095 598 2137 efficeret.
738 2081 742 2086 '

209 2180 348 2221 Paullo
383 2179 578 2221 difficilior
610 2187 668 2220 est
699 2195 736 2220 v,
762 2178 786 2221 5
821 2182 1083 2230 constructio,
1123 2194 1240 2236 quam
1270 2187 1400 2221 tamen
1431 2182 1485 2222 ita
1516 2195 1585 2221 ex-

90 2262 220 2320 pedio.
268 2260 391 2308 ΠΓἹΨ
421 2271 479 2304 est
500 2262 664 2304 verbum
685 2263 906 2320 pihilieum,
941 2263 1052 2320 quod
1074 2263 1154 2313 hic,
1189 2273 1235 2305 ut
1255 2279 1390 2321 saepe,
1426 2264 1586 2305 adducit

93 2346 289 2402 objectum
330 2362 416 2388 cum
455 2347 632 2403 praefixo
666 2332 722 2406 ἧς
770 2355 808 2388 et
840 2331 893 2394 '⁵1¹7
925 2349 1083 2404 respicit
1115 2347 1163 2388 ad
1194 2347 1333 2389 Deum.
1396 2347 1585 2388 Nomina-

62 2419 195 2471 ¹tivus
235 2439 362 2472 autem
405 2439 463 2472 est
502 2434 660 2499 ΕᾩἎὨ,
711 2431 823 2487 eujus
865 2430 1027 2472 affixum
1065 2431 1336 2487 pronominale
1375 2446 1446 2486 per
1477 2439 1584 2472 ante-

93 2513 290 2555 cedentem
322 2516 610 2571 appositionem
642 2518 743 2583 7³3?
774 2497 849 2560 ,ΝΛ-1
882 2514 1119 2570 explicatur,
1164 2514 1342 2571 idemque
1375 2528 1492 2555 versu
1525 2529 1585 2555 se-

93 2605 233 2653 quente
266 2596 391 2640 fusius
425 2601 659 2655 exponitur;
693 2599 856 2640 similem
886 2599 1148 2640 inversionem
1172 2597 1359 2639 habemus
1384 2599 1424 2639 in
1448 2613 1483 2638 v.
1508 2596 1583 2639 20:

91 2681 168 2746 Πξ
201 2684 295 2746 ῙῚΞ8
327 2664 401 2726 &¹7
433 2683 564 2748 Εᾯξ.
618 2682 758 2723 Voluit
789 2690 908 2738 poeta
938 2690 1074 2723 noster
1105 2681 1334 2738 significare,
1369 2681 1583 2722 secundum

92 2749 319 2804 universum
362 2763 450 2806 libri
481 2765 687 2807 Jasharani
720 2773 1013 2822 argumentum,
1053 2765 1245 2806 Israelitas
1280 2764 1436 2822 quidem
1468 2779 1584 2822 gene-

91 2846 223 2888 raliter
256 2850 385 2915 ἷἾἾΨἾ
419 2855 457 2888 et
487 2851 641 2917 ΕἾἻΨἾ
672 2864 775 2900 esse,
810 2857 997 2906 tanquam
1030 2849 1222 2906 populum
1254 2864 1275 2890 a
1297 2848 1381 2890 Deo
1407 2848 1580 2899 electum,

92 2929 160 2971 sed
193 2945 260 2972 eos
292 2916 444 2972 tantum
478 2933 545 2988 qui
569 2933 819 2987 probitatem
850 2933 1022 2975 colerent
1042 2933 1180 2989 probo
1211 2948 1256 2975 ac
1273 2934 1388 2989 justo
1410 2933 1583 2975 Jehovae
