1867 3301
832 172 896 219 95

49 297 329 371 s[‘;}¹‚¹,]j³}xssffi'll{3⁵21-
362 312 608 368 Vocavitque
641 328 782 355 nomen
816 313 889 354 loci
924 314 1025 354 illius
1056 309 1212 367 Peniel,
1246 312 1395 354 dicens:

361 396 477 438 »Vidi
510 396 634 437 Deum
669 396 761 438 facie
794 397 840 437 ad
877 396 1028 446 faciem,
1064 406 1102 438 ct
1132 405 1258 438 tamen
1293 399 1406 438 vivus
1439 399 1583 438 evasi«

173 681 658 732 COMMENTARIUS
698 683 759 731 ΙΝ
799 682 1129 746 QUATERNA
1167 683 1560 733 FRAGMENTA.

235 897 314 937 llas
345 897 543 953 relliquias
576 897 684 937 nolui
718 897 854 939 eodem
889 896 1024 939 ordine
1052 897 1258 948 exhibere,
1293 912 1372 955 quo
1395 913 1458 939 eas
1482 898 1609 940 scriba

116 980 346 1021 Masoraeus
381 982 505 1021 textui
539 996 611 1021 suo
645 983 822 1022 inseruit.
875 981 1110 1023 Accuratior
1142 984 1243 1023 enim
1272 996 1403 1023 rerum
1435 984 1609 1038 ipsarum

117 1064 378 1105 consideratio
421 1079 493 1104 nos
527 1064 725 1114 edocebit,
770 1067 932 1122 opinor,
975 1065 1189 1122 legitimum
1222 1065 1398 1107 ordinem
1429 1065 1609 1106 nonnihil

116 1149 362 1188 immutatum
402 1162 505 1197 esse,
549 1156 587 1189 et
625 1147 923 1204 Fragmentum,
965 1148 1075 1206 quod
1114 1151 1151 1189 in
1190 1157 1305 1190 textu
1340 1149 1607 1190 Masorethico

116 1230 330 1272 secundum
361 1239 437 1280 est,
474 1230 654 1272 debuisse
687 1246 824 1288 agmen
857 1232 1010 1274 ducere.
1064 1231 1299 1275 Universum
1330 1241 1459 1274 autem
1491 1247 1609 1290 argu-

116 1322 286 1355 mentum
318 1315 394 1355 hoc
427 1322 497 1355 est.
559 1313 691 1371 Usque
723 1330 745 1355 a
775 1315 1002 1372 primordiis
1034 1316 1171 1357 mundi
1202 1318 1241 1358 in
1274 1331 1319 1357 eo
1353 1331 1393 1357 se
1424 1315 1608 1358 laboran-

117 1406 190 1439 tem
223 1397 404 1439 exhibuit
433 1397 550 1439 Pater
581 1407 717 1440 noster
751 1398 962 1449 Coelestis,
1005 1408 1052 1441 ut
1083 1400 1252 1441 divinam
1285 1400 1387 1441 illam
1420 1403 1459 1441 in
1491 1399 1606 1441 nobis

115 1481 398 1538 redintegraret
428 1484 634 1539 imaginem
666 1484 705 1523 in
739 1497 816 1540 qua
847 1483 1120 1540 protoplastos
1155 1493 1370 1534 creaverat,
1404 1492 1450 1525 ut
1472 1498 1606 1525 omnes

116 1565 292 1606 homines
325 1568 465 1608 iterum
496 1567 726 1623 postliminii
752 1567 843 1622 jure
876 1567 925 1608 ad
956 1567 1117 1609 hortum
1149 1567 1373 1610 deliciarum
1407 1565 1536 1634 (Γψ)
1571 1576 1608 1609 et

116 1649 165 1690 ad
205 1658 456 1706 conspectum
488 1650 560 1691 Dei
594 1633 791 1703 (ῙἿΝὊΞ)
824 1650 1014 1701 redirent,
1055 1652 1200 1693 scilicet
1235 1661 1280 1693 ut
1304 1653 1431 1708 probi
1462 1649 1605 1720 (Ἶῖξζ)

116 1732 245 1774 denuo
278 1733 471 1775 fieremus.
529 1734 571 1775 Id
604 1743 648 1775 ut
678 1715 870 1776 humanae
902 1743 1065 1777 naturae
1098 1738 1393 1778 convenientius
1426 1735 1605 1785 efficeret,

114 1819 243 1858 visum
282 1826 341 1858 est
378 1820 665 1859 institutionem
704 1833 747 1859 ac
786 1818 1029 1876 disciplinam
1068 1821 1220 1876 generis
1260 1821 1387 1861 nostri
1425 1819 1604 1868 condere,

114 1903 154 1942 in
187 1915 264 1958 qua
294 1901 362 1942 filii
395 1901 599 1943 hominum
621 1917 642 1943 a
664 1902 752 1943 filiis
774 1902 846 1944 Dei
870 1900 984 1955 (Gen.
1003 1903 1077 1952 VI,
1103 1900 1146 1957 2)
1170 1903 1431 1945 erudirentur.
1474 1903 1606 1944 Prima

117 1984 209 2025 haec
240 1988 434 2026 nascentis
468 1986 648 2026 ecclcsiae
680 1986 919 2036 rudimenta,
953 1989 1146 2044 principia
1169 1987 1379 2028 nationalis
1403 1986 1605 2042 cujusdam

115 2067 325 2117 electionis,
360 2068 591 2110 adumbrata
623 2071 843 2111 invenimus
875 2072 914 2111 in
946 2073 1072 2127 gentis
1106 2070 1309 2112 Semiticae
1340 2069 1388 2111 ab
1414 2070 1605 2127 Japetidis

116 2161 153 2193 et
186 2150 385 2194 Chamidis
418 2155 686 2209 separationeg
719 2153 856 2194 deinde
888 2156 989 2196 inter
1021 2153 1186 2195 Semitas
1218 2153 1507 2195 Abrahamidae
1539 2154 1606 2195 cli-

115 2244 281 2292 guntur,
317 2238 384 2292 qui
416 2245 669 2293 posterorum
701 2240 817 2279 aetati
841 2253 973 2280 veram
1003 2238 1246 2295 relligionem
1277 2240 1604 2288 transmitterent3

115 2334 241 2376 neque
275 2322 375 2361 enim
408 2320 448 2361 id
470 2321 597 2362 voluit
620 2320 784 2363 Creator
817 2324 989 2378 optimus
1022 2324 1229 2373 maximus,
1264 2331 1310 2364 ut
1341 2324 1476 2364 ceteris
1502 2322 1606 2363 salu-

117 2411 191 2444 tem
224 2402 450 2460 denegaret,
485 2404 553 2446 sed
584 2413 629 2446 ut
660 2407 856 2462 promissa
886 2405 1118 2447 Mediatoris
1150 2388 1335 2447 revelatio
1368 2421 1438 2462 per
1463 2406 1604 2447 electos

115 2488 391 2537 innotesceret,
434 2496 550 2545 atque
587 2491 641 2530 ita
679 2491 853 2531 universi
885 2490 1063 2531 homines
1096 2489 1360 2530 conditionem
1393 2489 1467 2530 sibi
1500 2490 1603 2530 ultro

116 2568 284 2611 oblatam
317 2573 546 2628 acciperent.
596 2572 676 2614 Sed
706 2588 754 2615 ne
776 2573 1054 2615 Abrahamidis
1079 2572 1234 2629 quidem
1259 2572 1441 2613 omnibus
1464 2574 1606 2614 mansit

115 2653 417 2709 praedestinatio
450 2656 514 2696 illa
546 2658 585 2697 in
617 2657 718 2698 filios
740 2657 832 2707 Dei,
867 2657 936 2698 sed
967 2656 1176 2698 exturbata
1196 2656 1374 2713 Hagarae
1404 2657 1533 2713 prole,
1568 2665 1606 2697 ct

114 2737 296 2793 neglectis
328 2738 498 2779 Keturae
529 2739 638 2790 filiis,
672 2741 845 2782 lsaacum
878 2741 1006 2782 solum
1038 2740 1154 2797 elegit
1184 2740 1304 2790 Deus,
1338 2750 1377 2782 ct
1407 2741 1604 2782 ecclesiam

115 2834 224 2861 suam
257 2823 374 2862 unius
407 2820 571 2864 familiae
602 2825 776 2866 terminis
809 2825 1124 2880 circumscripsit.
1175 2823 1352 2882 Denique
1374 2839 1456 2866 eam
1479 2826 1603 2881 ipsam

116 2901 297 2946 familiam
337 2904 524 2962 bipartito
566 2906 788 2958 distribuit,
830 2917 867 2950 et
908 2909 1064 2949 nonnisi
1094 2906 1232 2950 ‹lacobi
1270 2910 1496 2965 progeniem
1528 2907 1602 2948 sibi
