1867 3301
890 206 1011 277 „96

233 344 460 395 verborum,
497 353 534 386 et
564 345 807 401 parabolicas
840 359 968 386 rerum
1002 347 1277 396 enarrationes,
1314 360 1411 403 quae
1443 346 1535 387 huic
1566 354 1719 388 senten-

233 431 305 470 tiae
337 429 619 486 quadamtenus
653 428 780 470 favere
813 428 1030 477 videantur,
1071 430 1283 471 contendas
1317 438 1443 471 tamen
1475 443 1629 470 necesse
1662 437 1716 470 est

231 512 388 554 eandem
427 514 613 554 universo
649 511 941 567 Scripturarum
983 513 1168 561 consilio,
1212 521 1249 553 et
1284 514 1537 569 apertissimis
1571 510 1718 554 Christi

229 596 597 652 Apostolorumque
630 594 758 638 verbis
800 597 1017 651 perniciose
1057 610 1288 653 repugnare.
1351 597 1393 637 In
1433 604 1509 637 tam
1546 597 1717 651 perversi

230 680 371 720 erroris
406 680 594 735 originem
628 687 665 720 et
697 693 832 720 causas
867 678 991 720 fusius
1024 680 1239 735 inquirere,
1274 687 1312 721 et
1342 687 1559 720 monstrare
1592 677 1660 719 ubi
1682 687 1718 719 et

230 762 431 818 quomodo
467 771 646 805 auctores
673 764 785 803 istius
810 764 1007 817 opinionis
1031 761 1171 806 Sacrae
1195 762 1421 818 Scripturae
1444 777 1600 804 sensum
1622 760 1717 802 male

230 847 307 887 sint
345 848 610 901 interpretati,
654 861 735 887 non
772 854 873 888 esset
904 846 1023 901 hujus
1056 846 1130 887 loci
1163 855 1200 887 et
1232 848 1430 902 temporis.
1495 844 1598 886 Satis
1631 846 1714 893 erit,

229 932 260 970 si
301 931 356 970 rei
394 931 517 970 totius
561 944 749 970 summam
790 928 1017 970 brevissime
1057 929 1334 985 profligavero.
1399 926 1460 981 (1)
1500 928 1542 969 111
1581 929 1715 984 primis

166 1048 184 1059 .„
227 1014 348 1069 igitur
390 1012 612 1061 ostendam,
663 1015 695 1052 si
735 1021 875 1053 natura
917 1012 1084 1053 hominis
1123 1012 1211 1052 talis
1252 1020 1330 1060 est,
1381 1011 1531 1067 qualem
1574 1010 1717 1052 descri-

228 1094 285 1136 bit
325 1094 444 1137 Sacra
484 1095 709 1151 Scriptura,
760 1104 797 1136 et
837 1094 1041 1136 confirmat
1079 1094 1351 1151 philosophia,
1399 1108 1497 1150 quae
1537 1102 1713 1142 vocatur,

228 1179 513 1235 metaphysica,
558 1178 666 1220 nullo
706 1186 820 1235 pacto
862 1178 942 1219 lieri
982 1192 1118 1234 posse,
1167 1186 1211 1219 ut
1252 1186 1388 1219 auctor
1427 1186 1543 1234 atquc
1583 1191 1713 1234 agens,

225 1264 377 1304 ratione
408 1262 632 1319 praeditus,
676 1262 871 1304 hominem
905 1261 955 1303 ad
986 1261 1110 1302 scelus
1145 1261 1325 1303 sollicitet
1356 1261 1466 1302 aliter
1498 1275 1614 1317 quam
1645 1274 1715 1316 per

227 1359 364 1386 sensus
399 1359 633 1401 corporeos,
669 1344 813 1402 quibus
848 1346 976 1386 01111113
1007 1346 1257 1400 percipimus.
1320 1344 1404 1386 Jam
1439 1359 1543 1393 vero,
1578 1358 1715 1386 secun-

226 1427 320 1469 dum
353 1427 492 1470 sacras
525 1429 694 1478 litteras,
728 1429 848 1470 homo
882 1437 939 1470 est
972 1428 1117 1484 duplici
1143 1436 1283 1470 natura
1306 1436 1530 1477 concretus3
1562 1435 1715 1468 constat

225 1513 327 1553 enim
357 1520 513 1554 terreno
547 1527 712 1569 corpore
744 1514 768 1553 i.
793 1527 825 1553 e.
860 1527 994 1564 carne,
1029 1520 1067 1552 et
1098 1511 1231 1553 divino
1263 1512 1421 1567 spiritu.
1474 1509 1635 1567 Utique,
1669 1519 1716 1551 ut

225 1594 402 1636 Thomas
442 1594 637 1644 Browne,
689 1597 749 1636 vir
791 1595 979 1652 singulari
1020 1596 1195 1652 ingenio,
1245 1593 1496 1651 praedicabat
1536 1590 1712 1650 (Religio

223 1677 365 1719 Medici
397 1676 618 1730 XXXIV),
662 1678 779 1720 1101110
821 1687 879 1720 est
918 1678 1045 1720 solum
1086 1686 1201 1735 atque
1242 1680 1399 1720 unicum
1435 1680 1475 1719 in
1506 1677 1579 1718 hae
1610 1685 1713 1718 terra

223 1757 444 1816 ἀμφίβιον.
502 1760 610 1802 Ν11111
641 1763 773 1818 igitur,
807 1763 882 1803 nisi
914 1761 1020 1803 Deus
1054 1764 1155 1818 ipse,
1191 1776 1229 1803 se
1262 1763 1301 1802 in
1334 1761 1508 1802 divinum
1542 1760 1712 1802 hominis

224 1846 405 1900 spiritum
446 1847 660 1886 immiscere
700 1854 738 1886 et
777 1847 975 1887 insinuare
1008 1845 1130 1894 valet,
1172 1852 1218 1886 ut
1249 1845 1308 1885 vel
1349 1845 1605 1901 cogitationes
1638 1843 1712 1885 hu-

222 1942 355 1969 manas
395 1928 584 1985 intelligat
623 1928 683 1969 vel
729 1943 853 1970 novae
894 1928 990 1984 quid
1029 1929 1278 1984 cogitationis
1318 1926 1511 1982 subjiciat.
1573 1926 1616 1967 Id
1653 1934 1711 1968 est

222 2009 395 2067 Spiritus
422 2010 556 2053 Sancti
590 2010 781 2061 officium,
817 2026 887 2053 1166
919 2026 1005 2053 611111
1038 2010 1134 2060 alio,
1169 2025 1295 2067 eoque
1326 2010 1509 2066 maligno,
1544 2008 1708 2065 Spiritu,

221 2095 254 2134 si
287 2094 442 2151 maligni
478 2094 650 2150 Spiritus
683 2103 831 2144 essent,
868 2096 1143 2136 communicari
1176 2101 1323 2150 posset.
1379 2093 1484 2149 Ergo
1518 2091 1709 2134 Diabolus

220 2176 301 2226 ille,
345 2191 458 2233 quem
497 2177 724 2233 perhibent,
767 2193 847 2219 non
887 2180 967 2234 agit
1006 2180 1135 2219 statim
1175 2185 1291 2233 atque
1331 2175 1633 2218 immaterialiter
1670 2177 1709 2216 111

221 2261 387 2301 animam
426 2263 634 2315 peccantis.
699 2260 741 2302 Si
782 2269 909 2302 autem
951 2260 1119 2302 affirmas
1161 2276 1248 2301 eum
1284 2258 1456 2303 membra
1488 2267 1526 2301 et
1557 2273 1708 2300 carnem

221 2343 391 2384 hominis
425 2357 633 2399 occupare,
669 2351 785 2399 atquc
817 2343 905 2384 inde
938 2358 1008 2398 per
1040 2346 1236 2399 appetitus
1269 2345 1308 2384 in
1339 2344 1580 2398 superiorem
1602 2355 1710 2383 men-

223 2427 269 2466 tis
302 2425 432 2468 sedem
466 2426 692 2475 ascendere,
735 2425 830 2467 illud
863 2434 921 2467 est
953 2440 1105 2467 0111116111
1137 2424 1380 2481 personalem
1413 2433 1450 2466 et
1479 2423 1706 2466 rationalem

219 2516 399 2550 naturam
423 2508 591 2550 Diabolo
626 2508 869 2564 abjudicare,
905 2517 943 2550 et
973 2524 1113 2566 negare
1146 2508 1360 2566 quidquam
1392 2509 1576 2549 interesse
1608 2509 1708 2549 inter

218 2593 349 2647 ipsum
382 2600 420 2634 et
451 2606 603 2634 carnem
636 2592 856 2634 humanam.
920 2591 1052 2634 Veluti
1085 2606 1206 2648 quum
1238 2591 1285 2633 D.
1311 2590 1479 2639 Paulus,
1523 2590 1568 2632 de
1600 2589 1707 2631 infir-

218 2675 351 2715 mitate
392 2675 560 2730 quadam
600 2690 673 2718 sua
710 2674 903 2724 scribens,
946 2673 1083 2730 ἕδόθη
1124 2689 1216 2729 μοι,
1260 2675 1407 2730 inquit,
1453 2670 1622 2730 σκόλοψ
1658 2671 1706 2729 τῇ

220 2759 395 2812 σαρκί,
428 2756 655 2809 ἄγγελος
687 2758 911 2807 σατανᾶ,
944 2760 1015 2799 ἵνα
1036 2773 1088 2811 με
1120 2754 1326 2815 κολαφίζῃ
1349 2753 1393 2809 (2
1417 2754 1509 2798 Cor.
1533 2754 1624 2804 XII,
1647 2751 1703 2806 7),

220 2847 327 2893 patet
357 2853 463 2889 611111,
498 2855 583 2881 611111
617 2841 775 2897 reliquis
797 2840 968 2890 Judaeis,
1004 2842 1118 2882 etiam
1149 2839 1310 2882 morbos
1345 2852 1570 2895 corporeOS,
1605 2850 1705 2893 quo-

217 2935 304 2963 rum
337 2924 449 2978 origo
483 2923 657 2965 nonduin
690 2925 933 2973 innotuerat,
968 2923 1015 2966 ad
1050 2922 1260 2979 spiritalem
1284 2921 1592 2978 qualemctuique
1623 2934 1704 2961 1113-
