<?xml version="1.0" encoding="UTF-8"?>
<!DOCTYPE html PUBLIC "-//W3C//DTD XHTML 1.0 Transitional//EN"
    "http://www.w3.org/TR/xhtml1/DTD/xhtml1-transitional.dtd">
<html xmlns="http://www.w3.org/1999/xhtml" xml:lang="en" lang="en">
 <head>
  <title>
</title>
<meta http-equiv="Content-Type" content="text/html;charset=utf-8" />
  <meta name='ocr-system' content='tesseract 3.04.00' />
  <meta name='ocr-capabilities' content='ocr_page ocr_carea ocr_par ocr_line ocrx_word'/>
</head>
<body>
  <div class='ocr_page' id='page_1' title='image "./jasharfragmentaa00dona_0419.png"; bbox 0 0 1867 3301; ppageno 0'>
   <div class='ocr_carea' id='block_1_1' title="bbox 806 195 906 244">
    <p class='ocr_par' dir='ltr' id='par_1_1' title="bbox 806 195 906 244">
     <span class='ocr_line' id='line_1_1' title="bbox 806 195 906 244; baseline -0.01 0"><span class='ocrx_word' id='word_1_1' title='bbox 806 195 906 244; x_wconf 89' lang='lat'>345</span> 
     </span>
    </p>
   </div>
   <div class='ocr_carea' id='block_1_2' title="bbox 98 336 1606 2262">
    <p class='ocr_par' dir='ltr' id='par_1_2' title="bbox 98 336 1604 981">
     <span class='ocr_line' id='line_1_2' title="bbox 110 336 1601 395; baseline 0.001 -14"><span class='ocrx_word' id='word_1_2' title='bbox 110 338 295 381; x_wconf 81' lang='lat' dir='ltr'>Jeremias</span> <span class='ocrx_word' id='word_1_3' title='bbox 316 337 383 388; x_wconf 86' lang='lat' dir='ltr'>IV,</span> <span class='ocrx_word' id='word_1_4' title='bbox 407 338 432 380; x_wconf 88' lang='lat'><strong>7</strong></span> <span class='ocrx_word' id='word_1_5' title='bbox 467 337 513 378; x_wconf 90' lang='lat' dir='ltr'>de</span> <span class='ocrx_word' id='word_1_6' title='bbox 536 336 664 395; x_wconf 89' lang='lat' dir='ltr'>Syriis</span> <span class='ocrx_word' id='word_1_7' title='bbox 697 346 734 380; x_wconf 87' lang='lat' dir='ltr'>et</span> <span class='ocrx_word' id='word_1_8' title='bbox 754 337 954 394; x_wconf 84' lang='lat' dir='ltr'>Assyriis:</span> <span class='ocrx_word' id='word_1_9' title='bbox 989 338 1189 381; x_wconf 82' lang='lat' dir='ltr'>»aseendit</span> <span class='ocrx_word' id='word_1_10' title='bbox 1210 339 1272 381; x_wconf 84' lang='lat' dir='ltr'>leo</span> <span class='ocrx_word' id='word_1_11' title='bbox 1295 354 1344 381; x_wconf 83' lang='lat' dir='ltr'>cx</span> <span class='ocrx_word' id='word_1_12' title='bbox 1367 341 1601 383; x_wconf 89' lang='lat' dir='ltr'>arundineto</span> 
     </span>
     <span class='ocr_line' id='line_1_3' title="bbox 111 421 1602 479; baseline 0.002 -16"><span class='ocrx_word' id='word_1_13' title='bbox 111 437 184 463; x_wconf 91' lang='lat' dir='ltr'>suo</span> <span class='ocrx_word' id='word_1_14' title='bbox 214 421 398 478; x_wconf 81' lang='lat' dir='ltr'>‘perdens</span> <span class='ocrx_word' id='word_1_15' title='bbox 442 429 591 479; x_wconf 81' lang='lat' dir='ltr'><strong>gentes.</strong></span> <span class='ocrx_word' id='word_1_16' title='bbox 656 421 868 479; x_wconf 77' lang='lat' dir='ltr'>Egreditur</span> <span class='ocrx_word' id='word_1_17' title='bbox 915 436 933 462; x_wconf 93' lang='lat' dir='ltr'>e</span> <span class='ocrx_word' id='word_1_18' title='bbox 974 422 1060 463; x_wconf 92' lang='lat' dir='ltr'>loco</span> <span class='ocrx_word' id='word_1_19' title='bbox 1104 437 1178 463; x_wconf 88' lang='lat' dir='ltr'>suo</span> <span class='ocrx_word' id='word_1_20' title='bbox 1226 422 1275 463; x_wconf 86' lang='lat' dir='ltr'>ad</span> <span class='ocrx_word' id='word_1_21' title='bbox 1314 432 1455 465; x_wconf 86' lang='lat' dir='ltr'>terram</span> <span class='ocrx_word' id='word_1_22' title='bbox 1496 433 1602 466; x_wconf 89' lang='lat' dir='ltr'>tuam</span> 
     </span>
     <span class='ocr_line' id='line_1_4' title="bbox 112 505 1604 555; baseline 0.002 -9"><span class='ocrx_word' id='word_1_23' title='bbox 112 505 360 555; x_wconf 82' lang='lat' dir='ltr'>vastandam,</span> <span class='ocrx_word' id='word_1_24' title='bbox 401 505 450 546; x_wconf 90' lang='lat' dir='ltr'>ad</span> <span class='ocrx_word' id='word_1_25' title='bbox 490 505 606 546; x_wconf 87' lang='lat' dir='ltr'>urbes</span> <span class='ocrx_word' id='word_1_26' title='bbox 648 514 735 546; x_wconf 91' lang='lat' dir='ltr'>tuas</span> <span class='ocrx_word' id='word_1_27' title='bbox 769 509 821 546; x_wconf 87' lang='lat' dir='ltr'>ita</span> <span class='ocrx_word' id='word_1_28' title='bbox 855 505 1132 555; x_wconf 81' lang='lat' dir='ltr'>destruendas,</span> <span class='ocrx_word' id='word_1_29' title='bbox 1174 515 1219 547; x_wconf 89' lang='lat' dir='ltr'>ut</span> <span class='ocrx_word' id='word_1_30' title='bbox 1250 522 1362 547; x_wconf 84' lang='lat' dir='ltr'>nemo</span> <span class='ocrx_word' id='word_1_31' title='bbox 1397 522 1459 548; x_wconf 84' lang='lat' dir='ltr'>eas</span> <span class='ocrx_word' id='word_1_32' title='bbox 1492 509 1604 550; x_wconf 82' lang='lat' dir='ltr'>inha-</span> 
     </span>
     <span class='ocr_line' id='line_1_5' title="bbox 109 587 1603 647; baseline 0.003 -16"><span class='ocrx_word' id='word_1_33' title='bbox 109 588 249 631; x_wconf 65' lang='lat' dir='ltr'>bitem</span> <span class='ocrx_word' id='word_1_34' title='bbox 283 589 329 631; x_wconf 83' lang='lat' dir='ltr'>cs.</span> <span class='ocrx_word' id='word_1_35' title='bbox 363 589 413 638; x_wconf 88' lang='lat' dir='ltr'>ll,</span> <span class='ocrx_word' id='word_1_36' title='bbox 442 587 513 630; x_wconf 79' lang='lat'>15:</span> <span class='ocrx_word' id='word_1_37' title='bbox 549 589 708 630; x_wconf 78' lang='lat' dir='ltr'>»leones</span> <span class='ocrx_word' id='word_1_38' title='bbox 739 591 937 647; x_wconf 77' lang='lat' dir='ltr'><strong>rugientes</strong></span> <span class='ocrx_word' id='word_1_39' title='bbox 973 598 1113 630; x_wconf 87' lang='lat' dir='ltr'>terram</span> <span class='ocrx_word' id='word_1_40' title='bbox 1147 591 1230 646; x_wconf 84' lang='lat' dir='ltr'>ejus</span> <span class='ocrx_word' id='word_1_41' title='bbox 1264 599 1509 632; x_wconf 64' lang='lat' dir='ltr'>vastarunt«</span> <span class='ocrx_word' id='word_1_42' title='bbox 1552 592 1603 635; x_wconf 87' lang='lat' dir='ltr'>Et</span> 
     </span>
     <span class='ocr_line' id='line_1_6' title="bbox 111 672 1600 730; baseline 0.001 -15"><span class='ocrx_word' id='word_1_43' title='bbox 111 681 246 715; x_wconf 87' lang='lat' dir='ltr'>contra</span> <span class='ocrx_word' id='word_1_44' title='bbox 267 673 426 722; x_wconf 88' lang='lat' dir='ltr'>Jesaias‚</span> <span class='ocrx_word' id='word_1_45' title='bbox 453 688 574 730; x_wconf 86' lang='lat' dir='ltr'>quum</span> <span class='ocrx_word' id='word_1_46' title='bbox 595 673 868 714; x_wconf 83' lang='lat' dir='ltr'>Idumaeorum</span> <span class='ocrx_word' id='word_1_47' title='bbox 892 673 1044 714; x_wconf 83' lang='lat' dir='ltr'>caedem</span> <span class='ocrx_word' id='word_1_48' title='bbox 1070 676 1305 715; x_wconf 79' lang='lat' dir='ltr'>vaticinatur</span> <span class='ocrx_word' id='word_1_49' title='bbox 1328 672 1600 730; x_wconf 86' lang='lat' dir='ltr'><strong>(XXXIV‚7)‚</strong></span> 
     </span>
     <span class='ocr_line' id='line_1_7' title="bbox 111 746 1603 817; baseline 0.002 -18"><span class='ocrx_word' id='word_1_50' title='bbox 111 765 299 799; x_wconf 87' lang='lat' dir='ltr'>mactatos</span> <span class='ocrx_word' id='word_1_51' title='bbox 331 758 508 798; x_wconf 88' lang='lat' dir='ltr'>inimicos</span> <span class='ocrx_word' id='word_1_52' title='bbox 534 758 589 798; x_wconf 87' lang='lat' dir='ltr'>sie</span> <span class='ocrx_word' id='word_1_53' title='bbox 611 746 789 798; x_wconf 72' lang='lat' dir='ltr'>inducit:⁴</span> <span class='ocrx_word' id='word_1_54' title='bbox 816 766 1034 814; x_wconf 77' lang='lat' dir='ltr'>»cogentur</span> <span class='ocrx_word' id='word_1_55' title='bbox 1057 758 1175 799; x_wconf 76' lang='lat' dir='ltr'>boves</span> <span class='ocrx_word' id='word_1_56' title='bbox 1197 758 1350 817; x_wconf 70' lang='lat' dir='ltr'>buffelz&#39;,</span> <span class='ocrx_word' id='word_1_57' title='bbox 1385 760 1496 800; x_wconf 72' lang='lat' dir='ltr'>tauri</span> <span class='ocrx_word' id='word_1_58' title='bbox 1516 774 1603 802; x_wconf 89' lang='lat' dir='ltr'>cum</span> 
     </span>
     <span class='ocr_line' id='line_1_8' title="bbox 98 840 1603 899; baseline 0.003 -17"><span class='ocrx_word' id='word_1_59' title='bbox 98 842 298 896; x_wconf 75' lang='lat' dir='ltr'>juvencis,</span> <span class='ocrx_word' id='word_1_60' title='bbox 332 848 417 882; x_wconf 87' lang='lat' dir='ltr'>tota</span> <span class='ocrx_word' id='word_1_61' title='bbox 447 849 551 881; x_wconf 88' lang='lat' dir='ltr'>terra</span> <span class='ocrx_word' id='word_1_62' title='bbox 573 855 709 882; x_wconf 88' lang='lat' dir='ltr'>eorum</span> <span class='ocrx_word' id='word_1_63' title='bbox 734 843 923 899; x_wconf 86' lang='lat' dir='ltr'>sanguine</span> <span class='ocrx_word' id='word_1_64' title='bbox 945 840 1173 898; x_wconf 74' lang='lat' dir='ltr'>replebitur,</span> <span class='ocrx_word' id='word_1_65' title='bbox 1207 850 1245 883; x_wconf 89' lang='lat' dir='ltr'>et</span> <span class='ocrx_word' id='word_1_66' title='bbox 1265 842 1396 898; x_wconf 90' lang='lat' dir='ltr'>pulvis</span> <span class='ocrx_word' id='word_1_67' title='bbox 1419 857 1468 884; x_wconf 75' lang='lat' dir='ltr'>cx</span> <span class='ocrx_word' id='word_1_68' title='bbox 1490 842 1603 899; x_wconf 82' lang='lat' dir='ltr'>adipe</span> 
     </span>
     <span class='ocr_line' id='line_1_9' title="bbox 110 923 629 981; baseline 0 -15"><span class='ocrx_word' id='word_1_69' title='bbox 110 939 245 966; x_wconf 88' lang='lat' dir='ltr'>eorum</span> <span class='ocrx_word' id='word_1_70' title='bbox 277 923 629 981; x_wconf 79' lang='lat' dir='ltr'>ilnpinguebitur.«</span> 
     </span>
    </p>

    <p class='ocr_par' dir='ltr' id='par_1_3' title="bbox 107 1006 1606 2262">
     <span class='ocr_line' id='line_1_10' title="bbox 227 1006 1601 1066; baseline 0.002 -17"><span class='ocrx_word' id='word_1_71' title='bbox 227 1006 418 1065; x_wconf 85' lang='lat' dir='ltr'>Reliquos</span> <span class='ocrx_word' id='word_1_72' title='bbox 451 1023 589 1049; x_wconf 87' lang='lat' dir='ltr'>versus</span> <span class='ocrx_word' id='word_1_73' title='bbox 636 1023 713 1050; x_wconf 89' lang='lat' dir='ltr'>una</span> <span class='ocrx_word' id='word_1_74' title='bbox 758 1018 875 1066; x_wconf 89' lang='lat' dir='ltr'>atque</span> <span class='ocrx_word' id='word_1_75' title='bbox 918 1008 1037 1050; x_wconf 89' lang='lat' dir='ltr'>altera</span> <span class='ocrx_word' id='word_1_76' title='bbox 1077 1008 1352 1050; x_wconf 82' lang='lat' dir='ltr'>observatione</span> <span class='ocrx_word' id='word_1_77' title='bbox 1398 1010 1601 1052; x_wconf 80' lang='lat' dir='ltr'>dimittam.</span> 
     </span>
     <span class='ocr_line' id='line_1_11' title="bbox 111 1090 1605 1149; baseline 0.001 -15"><span class='ocrx_word' id='word_1_78' title='bbox 111 1090 299 1134; x_wconf 87' lang='lat' dir='ltr'>Gesenius</span> <span class='ocrx_word' id='word_1_79' title='bbox 334 1094 372 1133; x_wconf 90' lang='lat' dir='ltr'>in</span> <span class='ocrx_word' id='word_1_80' title='bbox 396 1092 603 1134; x_wconf 80' lang='lat' dir='ltr'>Thesauro</span> <span class='ocrx_word' id='word_1_81' title='bbox 631 1090 686 1149; x_wconf 90' lang='lat' dir='ltr'>(p.</span> <span class='ocrx_word' id='word_1_82' title='bbox 712 1091 814 1146; x_wconf 78' lang='lat'>534)</span> <span class='ocrx_word' id='word_1_83' title='bbox 847 1092 945 1134; x_wconf 88' lang='lat' dir='ltr'>bene</span> <span class='ocrx_word' id='word_1_84' title='bbox 979 1095 1132 1134; x_wconf 84' lang='lat' dir='ltr'>monuit</span> <span class='ocrx_word' id='word_1_85' title='bbox 1164 1108 1306 1134; x_wconf 85' lang='lat' dir='ltr'>nornen</span> <span class='ocrx_word' id='word_1_86' title='bbox 1339 1091 1460 1145; x_wconf 77' lang='grc' dir='ltr'><em>ἅπαξ</em></span> <span class='ocrx_word' id='word_1_87' title='bbox 1482 1093 1605 1147; x_wconf 76' lang='grc' dir='ltr'><em>λεγό-</em></span> 
     </span>
     <span class='ocr_line' id='line_1_12' title="bbox 108 1173 1602 1244; baseline 0.002 -27"><span class='ocrx_word' id='word_1_88' title='bbox 108 1189 240 1230; x_wconf 81' lang='grc' dir='ltr'><em>μενον</em></span> <span class='ocrx_word' id='word_1_89' title='bbox 272 1173 413 1244; x_wconf 55' lang='grc' dir='ltr'><em>ῙᾩΨΠ</em></span> <span class='ocrx_word' id='word_1_90' title='bbox 446 1173 499 1230; x_wconf 92' lang='lat' dir='ltr'>(v.</span> <span class='ocrx_word' id='word_1_91' title='bbox 525 1174 598 1230; x_wconf 73' lang='lat'>32)</span> <span class='ocrx_word' id='word_1_92' title='bbox 624 1177 842 1234; x_wconf 84' lang='lat' dir='ltr'>significare</span> <span class='ocrx_word' id='word_1_93' title='bbox 858 1178 1050 1233; x_wconf 62' lang='lat' dir='ltr'>pinques,</span> <span class='ocrx_word' id='word_1_94' title='bbox 1082 1177 1170 1219; x_wconf 88' lang='lat' dir='ltr'>inde</span> <span class='ocrx_word' id='word_1_95' title='bbox 1194 1177 1347 1231; x_wconf 68' lang='lat' dir='ltr'>divites,</span> <span class='ocrx_word' id='word_1_96' title='bbox 1378 1186 1602 1235; x_wconf 69' lang='lat' dir='ltr'>maynates,</span> 
     </span>
     <span class='ocr_line' id='line_1_13' title="bbox 110 1255 1605 1331; baseline 0.003 -19"><span class='ocrx_word' id='word_1_97' title='bbox 110 1285 160 1312; x_wconf 81' lang='lat' dir='ltr'>cx</span> <span class='ocrx_word' id='word_1_98' title='bbox 193 1270 366 1313; x_wconf 89' lang='lat' dir='ltr'>Arabico</span> <span class='ocrx_word' id='word_1_99' title='bbox 405 1255 560 1331; x_wconf 43' lang='grc' dir='ltr'>Γῂὺὶὲ,</span> <span class='ocrx_word' id='word_1_100' title='bbox 604 1273 788 1330; x_wconf 79' lang='lat' dir='ltr'>aliudque</span> <span class='ocrx_word' id='word_1_101' title='bbox 823 1272 1005 1314; x_wconf 80' lang='lat' dir='ltr'>vocabuli</span> <span class='ocrx_word' id='word_1_102' title='bbox 1038 1275 1248 1329; x_wconf 82' lang='lat' dir='ltr'>vestigium</span> <span class='ocrx_word' id='word_1_103' title='bbox 1286 1275 1411 1315; x_wconf 89' lang='lat' dir='ltr'>inesse</span> <span class='ocrx_word' id='word_1_104' title='bbox 1452 1276 1492 1315; x_wconf 89' lang='lat' dir='ltr'>in</span> <span class='ocrx_word' id='word_1_105' title='bbox 1531 1290 1605 1317; x_wconf 91' lang='lat' dir='ltr'>no-</span> 
     </span>
     <span class='ocr_line' id='line_1_14' title="bbox 109 1362 1602 1428; baseline 0.003 -21"><span class='ocrx_word' id='word_1_106' title='bbox 109 1368 210 1408; x_wconf 87' lang='lat' dir='ltr'>mine</span> <span class='ocrx_word' id='word_1_107' title='bbox 241 1369 405 1424; x_wconf 89' lang='lat' dir='ltr'>proprio</span> <span class='ocrx_word' id='word_1_108' title='bbox 424 1362 740 1423; x_wconf 68' lang='grc' dir='ltr'>’Λσαμωναΐος,</span> <span class='ocrx_word' id='word_1_109' title='bbox 772 1368 881 1425; x_wconf 85' lang='lat' dir='ltr'>quod</span> <span class='ocrx_word' id='word_1_110' title='bbox 902 1371 1025 1426; x_wconf 79' lang='lat' dir='ltr'>gessit</span> <span class='ocrx_word' id='word_1_111' title='bbox 1047 1383 1144 1409; x_wconf 87' lang='lat' dir='ltr'>avus</span> <span class='ocrx_word' id='word_1_112' title='bbox 1167 1369 1399 1415; x_wconf 73' lang='lat' dir='ltr'>mattathiae</span> <span class='ocrx_word' id='word_1_113' title='bbox 1423 1369 1602 1428; x_wconf 78' lang='lat' dir='ltr'>(Joseph.</span> 
     </span>
     <span class='ocr_line' id='line_1_15' title="bbox 109 1449 1605 1509; baseline 0.003 -18"><span class='ocrx_word' id='word_1_114' title='bbox 109 1449 350 1501; x_wconf 83' lang='lat' dir='ltr'>Arch.X11‚</span> <span class='ocrx_word' id='word_1_115' title='bbox 382 1449 407 1493; x_wconf 91' lang='grc'>6</span> <span class='ocrx_word' id='word_1_116' title='bbox 446 1450 535 1506; x_wconf 61' lang='lat' dir='ltr'>§U</span> <span class='ocrx_word' id='word_1_117' title='bbox 577 1461 614 1494; x_wconf 83' lang='lat' dir='ltr'>et</span> <span class='ocrx_word' id='word_1_118' title='bbox 652 1461 791 1509; x_wconf 86' lang='lat' dir='ltr'>postea</span> <span class='ocrx_word' id='word_1_119' title='bbox 832 1455 1036 1494; x_wconf 67' lang='lat' dir='ltr'>univ-ersoe</span> <span class='ocrx_word' id='word_1_120' title='bbox 1075 1452 1400 1495; x_wconf 79' lang='lat' dir='ltr'>Maccahaeorum</span> <span class='ocrx_word' id='word_1_121' title='bbox 1438 1454 1605 1497; x_wconf 86' lang='lat' dir='ltr'>familiae</span> 
     </span>
     <span class='ocr_line' id='line_1_16' title="bbox 107 1532 1605 1606; baseline 0.003 -30"><span class='ocrx_word' id='word_1_122' title='bbox 107 1532 301 1576; x_wconf 88' lang='lat' dir='ltr'>tributum</span> <span class='ocrx_word' id='word_1_123' title='bbox 334 1543 404 1576; x_wconf 88' lang='lat' dir='ltr'>est.</span> <span class='ocrx_word' id='word_1_124' title='bbox 451 1535 583 1577; x_wconf 74' lang='lat' dir='ltr'>Radix</span> <span class='ocrx_word' id='word_1_125' title='bbox 616 1545 675 1577; x_wconf 89' lang='lat' dir='ltr'>est</span> <span class='ocrx_word' id='word_1_126' title='bbox 705 1533 849 1605; x_wconf 69' lang='grc' dir='ltr'>ΕΨΠ,</span> <span class='ocrx_word' id='word_1_127' title='bbox 884 1536 1033 1593; x_wconf 84' lang='lat' dir='ltr'>adjecta</span> <span class='ocrx_word' id='word_1_128' title='bbox 1056 1539 1329 1578; x_wconf 82' lang='lat' dir='ltr'>terminatione</span> <span class='ocrx_word' id='word_1_129' title='bbox 1359 1544 1408 1606; x_wconf 58' lang='lat' dir='ltr'>l-·</span> <span class='ocrx_word' id='word_1_130' title='bbox 1455 1538 1605 1581; x_wconf 89' lang='lat' dir='ltr'>Vocem</span> 
     </span>
     <span class='ocr_line' id='line_1_17' title="bbox 108 1616 1605 1677; baseline 0.003 -18"><span class='ocrx_word' id='word_1_131' title='bbox 108 1617 283 1659; x_wconf 81' lang='lat' dir='ltr'>Jehovae</span> <span class='ocrx_word' id='word_1_132' title='bbox 316 1616 369 1672; x_wconf 80' lang='lat' dir='ltr'>(V.</span> <span class='ocrx_word' id='word_1_133' title='bbox 395 1617 468 1673; x_wconf 87' lang='lat'>34)</span> <span class='ocrx_word' id='word_1_134' title='bbox 500 1622 653 1661; x_wconf 88' lang='lat' dir='ltr'>tonitru</span> <span class='ocrx_word' id='word_1_135' title='bbox 687 1635 769 1661; x_wconf 85' lang='lat' dir='ltr'>esse</span> <span class='ocrx_word' id='word_1_136' title='bbox 802 1635 923 1677; x_wconf 86' lang='lat' dir='ltr'>supra</span> <span class='ocrx_word' id='word_1_137' title='bbox 944 1620 1113 1662; x_wconf 83' lang='lat' dir='ltr'>vidimus</span> <span class='ocrx_word' id='word_1_138' title='bbox 1149 1618 1215 1674; x_wconf 90' lang='lat' dir='ltr'>(ad</span> <span class='ocrx_word' id='word_1_139' title='bbox 1236 1620 1328 1662; x_wconf 81' lang='lat' dir='ltr'>Jud.</span> <span class='ocrx_word' id='word_1_140' title='bbox 1351 1621 1401 1670; x_wconf 92' lang='lat' dir='ltr'>V,</span> <span class='ocrx_word' id='word_1_141' title='bbox 1427 1619 1514 1675; x_wconf 79' lang='lat'>23).</span> <span class='ocrx_word' id='word_1_142' title='bbox 1560 1623 1605 1664; x_wconf 90' lang='lat' dir='ltr'>In</span> 
     </span>
     <span class='ocr_line' id='line_1_18' title="bbox 108 1701 1605 1761; baseline 0.003 -18"><span class='ocrx_word' id='word_1_143' title='bbox 108 1701 184 1743; x_wconf 88' lang='lat' dir='ltr'>hoc</span> <span class='ocrx_word' id='word_1_144' title='bbox 218 1717 333 1743; x_wconf 88' lang='lat' dir='ltr'>versu</span> <span class='ocrx_word' id='word_1_145' title='bbox 365 1710 403 1743; x_wconf 88' lang='lat' dir='ltr'>et</span> <span class='ocrx_word' id='word_1_146' title='bbox 433 1703 689 1760; x_wconf 88' lang='lat' dir='ltr'>sequentibus</span> <span class='ocrx_word' id='word_1_147' title='bbox 723 1718 912 1760; x_wconf 83' lang='lat' dir='ltr'>agnosces</span> <span class='ocrx_word' id='word_1_148' title='bbox 946 1704 1111 1746; x_wconf 80' lang='lat' dir='ltr'>eundern</span> <span class='ocrx_word' id='word_1_149' title='bbox 1143 1704 1289 1760; x_wconf 79' lang='lat' dir='ltr'>stylum</span> <span class='ocrx_word' id='word_1_150' title='bbox 1321 1713 1436 1761; x_wconf 84' lang='lat' dir='ltr'>atque</span> <span class='ocrx_word' id='word_1_151' title='bbox 1458 1708 1498 1747; x_wconf 86' lang='lat' dir='ltr'>in</span> <span class='ocrx_word' id='word_1_152' title='bbox 1522 1721 1605 1748; x_wconf 86' lang='lat' dir='ltr'>car-</span> 
     </span>
     <span class='ocr_line' id='line_1_19' title="bbox 107 1785 1606 1837; baseline 0.001 -9"><span class='ocrx_word' id='word_1_153' title='bbox 107 1788 209 1828; x_wconf 88' lang='lat' dir='ltr'>mine</span> <span class='ocrx_word' id='word_1_154' title='bbox 240 1786 459 1827; x_wconf 86' lang='lat' dir='ltr'>Jasharano</span> <span class='ocrx_word' id='word_1_155' title='bbox 493 1786 610 1827; x_wconf 89' lang='lat' dir='ltr'>Deut.</span> <span class='ocrx_word' id='word_1_156' title='bbox 639 1786 828 1837; x_wconf 87' lang='lat' dir='ltr'><strong>XXXIII,</strong></span> <span class='ocrx_word' id='word_1_157' title='bbox 861 1785 938 1837; x_wconf 78' lang='lat'>26,</span> <span class='ocrx_word' id='word_1_158' title='bbox 981 1786 1203 1828; x_wconf 71' lang='lat' dir='ltr'>ubi‘etiam</span> <span class='ocrx_word' id='word_1_159' title='bbox 1236 1803 1352 1829; x_wconf 84' lang='lat' dir='ltr'>voces</span> <span class='ocrx_word' id='word_1_160' title='bbox 1386 1787 1528 1834; x_wconf 62' lang='grc' dir='ltr'><em>ΠἻὩΨ</em></span> <span class='ocrx_word' id='word_1_161' title='bbox 1567 1800 1606 1833; x_wconf 84' lang='lat' dir='ltr'>et</span> 
     </span>
     <span class='ocr_line' id='line_1_20' title="bbox 108 1867 1602 1939; baseline 0.005 -31"><span class='ocrx_word' id='word_1_162' title='bbox 108 1867 284 1939; x_wconf 56' lang='grc' dir='ltr'>ΠἿΡΠΨ</span> <span class='ocrx_word' id='word_1_163' title='bbox 300 1877 486 1926; x_wconf 87' lang='lat' dir='ltr'>tanquam</span> <span class='ocrx_word' id='word_1_164' title='bbox 509 1884 752 1926; x_wconf 86' lang='lat' dir='ltr'>synonymae</span> <span class='ocrx_word' id='word_1_165' title='bbox 775 1878 1044 1926; x_wconf 81' lang='lat' dir='ltr'>apponuntui.</span> <span class='ocrx_word' id='word_1_166' title='bbox 1079 1869 1280 1912; x_wconf 87' lang='lat' dir='ltr'>Neminem</span> <span class='ocrx_word' id='word_1_167' title='bbox 1302 1871 1437 1914; x_wconf 85' lang='lat' dir='ltr'>latebit</span> <span class='ocrx_word' id='word_1_168' title='bbox 1452 1873 1602 1924; x_wconf 81' lang='lat' dir='ltr'>Jacobi‚</span> 
     </span>
     <span class='ocr_line' id='line_1_21' title="bbox 109 1936 1605 2013; baseline 0.002 -18"><span class='ocrx_word' id='word_1_169' title='bbox 109 1969 230 2012; x_wconf 89' lang='lat' dir='ltr'>quum</span> <span class='ocrx_word' id='word_1_170' title='bbox 262 1955 411 2010; x_wconf 87' lang='lat' dir='ltr'>primus</span> <span class='ocrx_word' id='word_1_171' title='bbox 445 1936 546 2013; x_wconf 43' lang='lat' dir='ltr'>ffiN·</span> <span class='ocrx_word' id='word_1_172' title='bbox 527 1955 651 1998; x_wconf 41' lang='lat' dir='ltr'>ww:</span> <span class='ocrx_word' id='word_1_173' title='bbox 684 1955 766 1995; x_wconf 88' lang='lat' dir='ltr'>sive</span> <span class='ocrx_word' id='word_1_174' title='bbox 797 1954 884 1997; x_wconf 77' lang='lat' dir='ltr'>Dei</span> <span class='ocrx_word' id='word_1_175' title='bbox 913 1954 1205 1995; x_wconf 73' lang='lat' dir='ltr'>habitationem</span> <span class='ocrx_word' id='word_1_176' title='bbox 1237 1955 1441 2006; x_wconf 86' lang='lat' dir='ltr'>conderet,</span> <span class='ocrx_word' id='word_1_177' title='bbox 1476 1957 1605 1998; x_wconf 67' lang='lat' dir='ltr'>excla-</span> 
     </span>
     <span class='ocr_line' id='line_1_22' title="bbox 108 2033 1605 2106; baseline 0.001 -26"><span class='ocrx_word' id='word_1_178' title='bbox 108 2040 319 2080; x_wconf 84' lang='lat' dir='ltr'>mationem</span> <span class='ocrx_word' id='word_1_179' title='bbox 343 2033 457 2090; x_wconf 85' lang='lat' dir='ltr'>(Gen</span> <span class='ocrx_word' id='word_1_180' title='bbox 480 2036 666 2086; x_wconf 90' lang='lat' dir='ltr'><strong>XXVIII,</strong></span> <span class='ocrx_word' id='word_1_181' title='bbox 694 2034 785 2090; x_wconf 84' lang='lat'>17):</span> <span class='ocrx_word' id='word_1_182' title='bbox 819 2041 912 2106; x_wconf 51' lang='grc' dir='ltr'>ΠἙΠ</span> <span class='ocrx_word' id='word_1_183' title='bbox 944 2042 1112 2105; x_wconf 50' lang='grc' dir='ltr'>ΕἾΡΊΤΞΠ</span> <span class='ocrx_word' id='word_1_184' title='bbox 1139 2042 1283 2106; x_wconf 51' lang='grc' dir='ltr'><strong>ΠἾΤἾΒ·</strong></span> <span class='ocrx_word' id='word_1_185' title='bbox 1276 2043 1364 2097; x_wconf 55' lang='lat' dir='ltr'>rip,</span> <span class='ocrx_word' id='word_1_186' title='bbox 1389 2064 1436 2071; x_wconf 85' lang='lat'>—-</span> <span class='ocrx_word' id='word_1_187' title='bbox 1460 2055 1605 2097; x_wconf 78' lang='lat' dir='ltr'>»quam</span> 
     </span>
     <span class='ocr_line' id='line_1_23' title="bbox 108 2120 1602 2179; baseline 0.001 -15"><span class='ocrx_word' id='word_1_188' title='bbox 108 2120 291 2165; x_wconf 89' lang='lat' dir='ltr'>terribilis</span> <span class='ocrx_word' id='word_1_189' title='bbox 331 2129 389 2162; x_wconf 87' lang='lat' dir='ltr'>est</span> <span class='ocrx_word' id='word_1_190' title='bbox 428 2120 491 2161; x_wconf 90' lang='lat' dir='ltr'>hic</span> <span class='ocrx_word' id='word_1_191' title='bbox 529 2120 688 2162; x_wconf 67' lang='lat' dir='ltr'>locust«</span> <span class='ocrx_word' id='word_1_192' title='bbox 724 2145 772 2151; x_wconf 89' lang='lat'>—</span> <span class='ocrx_word' id='word_1_193' title='bbox 816 2123 1052 2162; x_wconf 75' lang='lat' dir='ltr'>examussim</span> <span class='ocrx_word' id='word_1_194' title='bbox 1093 2136 1308 2179; x_wconf 80' lang='lat' dir='ltr'>congruere</span> <span class='ocrx_word' id='word_1_195' title='bbox 1346 2138 1431 2164; x_wconf 87' lang='lat' dir='ltr'>cum</span> <span class='ocrx_word' id='word_1_196' title='bbox 1464 2124 1602 2167; x_wconf 85' lang='lat' dir='ltr'>ultimo</span> 
     </span>
     <span class='ocr_line' id='line_1_24' title="bbox 107 2203 1604 2262; baseline 0.002 -15"><span class='ocrx_word' id='word_1_197' title='bbox 107 2207 234 2247; x_wconf 88' lang='lat' dir='ltr'>nostri</span> <span class='ocrx_word' id='word_1_198' title='bbox 266 2206 403 2246; x_wconf 87' lang='lat' dir='ltr'>cantici</span> <span class='ocrx_word' id='word_1_199' title='bbox 436 2219 573 2254; x_wconf 83' lang='lat' dir='ltr'>versu,</span> <span class='ocrx_word' id='word_1_200' title='bbox 612 2203 680 2245; x_wconf 88' lang='lat' dir='ltr'>ubi</span> <span class='ocrx_word' id='word_1_201' title='bbox 712 2213 848 2261; x_wconf 87' lang='lat' dir='ltr'>poeta,</span> <span class='ocrx_word' id='word_1_202' title='bbox 894 2205 1016 2246; x_wconf 88' lang='lat' dir='ltr'>oculis</span> <span class='ocrx_word' id='word_1_203' title='bbox 1050 2205 1099 2246; x_wconf 89' lang='lat' dir='ltr'>ad</span> <span class='ocrx_word' id='word_1_204' title='bbox 1130 2206 1336 2262; x_wconf 90' lang='lat' dir='ltr'>templum,</span> <span class='ocrx_word' id='word_1_205' title='bbox 1377 2207 1604 2250; x_wconf 87' lang='lat' dir='ltr'>absolutum</span> 
     </span>
    </p>
   </div>
   <div class='ocr_carea' id='block_1_3' title="bbox 107 2287 1603 2444">
    <p class='ocr_par' dir='ltr' id='par_1_4' title="bbox 107 2287 1603 2444">
     <span class='ocr_line' id='line_1_25' title="bbox 107 2287 1603 2345; baseline 0.002 -15"><span class='ocrx_word' id='word_1_206' title='bbox 107 2289 204 2330; x_wconf 92' lang='lat' dir='ltr'>illud</span> <span class='ocrx_word' id='word_1_207' title='bbox 237 2288 389 2329; x_wconf 87' lang='lat' dir='ltr'>divinae</span> <span class='ocrx_word' id='word_1_208' title='bbox 421 2287 677 2329; x_wconf 85' lang='lat' dir='ltr'>habitationis</span> <span class='ocrx_word' id='word_1_209' title='bbox 707 2289 918 2345; x_wconf 79' lang='lat' dir='ltr'>exemplar,</span> <span class='ocrx_word' id='word_1_210' title='bbox 953 2291 1166 2339; x_wconf 86' lang='lat' dir='ltr'>conversis,</span> <span class='ocrx_word' id='word_1_211' title='bbox 1199 2289 1457 2334; x_wconf 86' lang='lat' dir='ltr'>vociferatur.</span> <span class='ocrx_word' id='word_1_212' title='bbox 1490 2297 1603 2339; x_wconf 70' lang='grc' dir='ltr'>ΠἾἾ]</span> 
     </span>
     <span class='ocr_line' id='line_1_26' title="bbox 107 2355 1603 2444; baseline -0.001 -26"><span class='ocrx_word' id='word_1_213' title='bbox 107 2370 351 2444; x_wconf 52' lang='lat' dir='ltr'>&#39;J&#39;IHWPDD</span> <span class='ocrx_word' id='word_1_214' title='bbox 384 2355 576 2443; x_wconf 38' lang='grc' dir='ltr'>ΒἾΠΙἻδζ,</span> <span class='ocrx_word' id='word_1_215' title='bbox 613 2371 820 2414; x_wconf 80' lang='lat' dir='ltr'>»terribilis</span> <span class='ocrx_word' id='word_1_216' title='bbox 855 2387 906 2423; x_wconf 90' lang='lat' dir='ltr'>es,</span> <span class='ocrx_word' id='word_1_217' title='bbox 944 2388 965 2413; x_wconf 93' lang='lat' dir='ltr'>o</span> <span class='ocrx_word' id='word_1_218' title='bbox 990 2372 1108 2423; x_wconf 88' lang='lat' dir='ltr'>Deus,</span> <span class='ocrx_word' id='word_1_219' title='bbox 1143 2375 1183 2414; x_wconf 87' lang='lat' dir='ltr'>in</span> <span class='ocrx_word' id='word_1_220' title='bbox 1216 2376 1446 2416; x_wconf 84' lang='lat' dir='ltr'>sanctuariis</span> <span class='ocrx_word' id='word_1_221' title='bbox 1474 2376 1603 2417; x_wconf 73' lang='lat' dir='ltr'>tuisl«</span> 
     </span>
    </p>
   </div>
   <div class='ocr_carea' id='block_1_4' title="bbox 823 2469 905 2472">
    <p class='ocr_par' dir='ltr' id='par_1_5' title="bbox 823 2469 905 2472">
     <span class='ocr_line' id='line_1_27' title="bbox 823 2469 905 2472; baseline 0 0"><span class='ocrx_word' id='word_1_222' title='bbox 823 2469 905 2472; x_wconf 95' lang='lat' dir='ltr'> </span> 
     </span>
    </p>
   </div>
   <div class='ocr_carea' id='block_1_5' title="bbox 102 2511 1604 2909">
    <p class='ocr_par' dir='ltr' id='par_1_6' title="bbox 102 2511 1604 2909">
     <span class='ocr_line' id='line_1_28' title="bbox 225 2511 1604 2575; baseline 0.003 -18"><span class='ocrx_word' id='word_1_223' title='bbox 225 2516 359 2572; x_wconf 87' lang='lat' dir='ltr'>Atque</span> <span class='ocrx_word' id='word_1_224' title='bbox 391 2518 444 2557; x_wconf 91' lang='lat' dir='ltr'>ita</span> <span class='ocrx_word' id='word_1_225' title='bbox 476 2515 525 2557; x_wconf 88' lang='lat' dir='ltr'>ad</span> <span class='ocrx_word' id='word_1_226' title='bbox 556 2515 670 2558; x_wconf 86' lang='lat' dir='ltr'>finem</span> <span class='ocrx_word' id='word_1_227' title='bbox 702 2516 872 2574; x_wconf 82' lang='lat' dir='ltr'>perduxi</span> <span class='ocrx_word' id='word_1_228' title='bbox 904 2516 1079 2557; x_wconf 89' lang='lat' dir='ltr'>laborem</span> <span class='ocrx_word' id='word_1_229' title='bbox 1111 2516 1206 2557; x_wconf 87' lang='lat' dir='ltr'>mihi</span> <span class='ocrx_word' id='word_1_230' title='bbox 1239 2511 1367 2558; x_wconf 85' lang='lat' dir='ltr'>saltim</span> <span class='ocrx_word' id='word_1_231' title='bbox 1391 2532 1517 2575; x_wconf 86' lang='lat' dir='ltr'>neque</span> <span class='ocrx_word' id='word_1_232' title='bbox 1544 2521 1604 2562; x_wconf 90' lang='lat' dir='ltr'>in-</span> 
     </span>
     <span class='ocr_line' id='line_1_29' title="bbox 102 2599 1589 2658; baseline 0.002 -17"><span class='ocrx_word' id='word_1_233' title='bbox 102 2599 322 2657; x_wconf 87' lang='lat' dir='ltr'>jucundum</span> <span class='ocrx_word' id='word_1_234' title='bbox 354 2614 480 2658; x_wconf 88' lang='lat' dir='ltr'>neque</span> <span class='ocrx_word' id='word_1_235' title='bbox 511 2599 815 2642; x_wconf 78' lang='lat' dir='ltr'>infructuosum.</span> <span class='ocrx_word' id='word_1_236' title='bbox 860 2599 965 2654; x_wconf 81' lang='lat' dir='ltr'>Quid</span> <span class='ocrx_word' id='word_1_237' title='bbox 987 2608 1031 2641; x_wconf 91' lang='lat' dir='ltr'>tu</span> <span class='ocrx_word' id='word_1_238' title='bbox 1056 2614 1225 2650; x_wconf 87' lang='lat' dir='ltr'>censeas,</span> <span class='ocrx_word' id='word_1_239' title='bbox 1259 2601 1381 2642; x_wconf 87' lang='lat' dir='ltr'>lector</span> <span class='ocrx_word' id='word_1_240' title='bbox 1402 2600 1589 2645; x_wconf 87' lang='lat' dir='ltr'>benevole</span> 
     </span>
     <span class='ocr_line' id='line_1_30' title="bbox 108 2683 1603 2742; baseline 0.001 -16"><span class='ocrx_word' id='word_1_241' title='bbox 108 2686 253 2726; x_wconf 88' lang='lat' dir='ltr'>nescio.</span> <span class='ocrx_word' id='word_1_242' title='bbox 292 2683 393 2725; x_wconf 89' lang='lat' dir='ltr'>Mihi</span> <span class='ocrx_word' id='word_1_243' title='bbox 425 2693 553 2726; x_wconf 87' lang='lat' dir='ltr'>autem</span> <span class='ocrx_word' id='word_1_244' title='bbox 587 2685 680 2726; x_wconf 89' lang='lat' dir='ltr'>dum</span> <span class='ocrx_word' id='word_1_245' title='bbox 711 2685 806 2725; x_wconf 88' lang='lat' dir='ltr'>haec</span> <span class='ocrx_word' id='word_1_246' title='bbox 838 2683 966 2725; x_wconf 90' lang='lat' dir='ltr'>scribo</span> <span class='ocrx_word' id='word_1_247' title='bbox 1000 2686 1113 2742; x_wconf 87' lang='lat' dir='ltr'>quasi</span> <span class='ocrx_word' id='word_1_248' title='bbox 1138 2684 1317 2741; x_wconf 89' lang='lat' dir='ltr'>pellicula</span> <span class='ocrx_word' id='word_1_249' title='bbox 1341 2686 1531 2742; x_wconf 87' lang='lat' dir='ltr'>quaedam</span> <span class='ocrx_word' id='word_1_250' title='bbox 1553 2702 1603 2729; x_wconf 78' lang='lat' dir='ltr'>cx</span> 
     </span>
     <span class='ocr_line' id='line_1_31' title="bbox 110 2766 1603 2825; baseline 0.001 -15"><span class='ocrx_word' id='word_1_251' title='bbox 110 2768 233 2810; x_wconf 90' lang='lat' dir='ltr'>oculis</span> <span class='ocrx_word' id='word_1_252' title='bbox 266 2766 441 2809; x_wconf 85' lang='lat' dir='ltr'>decidere</span> <span class='ocrx_word' id='word_1_253' title='bbox 473 2768 641 2811; x_wconf 86' lang='lat' dir='ltr'>videtur.</span> <span class='ocrx_word' id='word_1_254' title='bbox 689 2768 781 2811; x_wconf 85' lang='lat' dir='ltr'>Non</span> <span class='ocrx_word' id='word_1_255' title='bbox 812 2776 857 2809; x_wconf 89' lang='lat' dir='ltr'>ut</span> <span class='ocrx_word' id='word_1_256' title='bbox 888 2776 1000 2810; x_wconf 88' lang='lat' dir='ltr'>antea</span> <span class='ocrx_word' id='word_1_257' title='bbox 1030 2783 1101 2825; x_wconf 87' lang='lat' dir='ltr'>per</span> <span class='ocrx_word' id='word_1_258' title='bbox 1133 2767 1336 2819; x_wconf 87' lang='lat' dir='ltr'>nebulam,</span> <span class='ocrx_word' id='word_1_259' title='bbox 1371 2769 1439 2810; x_wconf 90' lang='lat' dir='ltr'>sed</span> <span class='ocrx_word' id='word_1_260' title='bbox 1473 2784 1603 2812; x_wconf 89' lang='lat' dir='ltr'>coram</span> 
     </span>
     <span class='ocr_line' id='line_1_32' title="bbox 108 2847 1603 2909; baseline 0.001 -16"><span class='ocrx_word' id='word_1_261' title='bbox 108 2853 148 2893; x_wconf 89' lang='lat' dir='ltr'>in</span> <span class='ocrx_word' id='word_1_262' title='bbox 179 2852 310 2907; x_wconf 88' lang='lat' dir='ltr'>aprica</span> <span class='ocrx_word' id='word_1_263' title='bbox 341 2847 426 2893; x_wconf 89' lang='lat' dir='ltr'>luce</span> <span class='ocrx_word' id='word_1_264' title='bbox 456 2866 518 2892; x_wconf 89' lang='lat' dir='ltr'>res</span> <span class='ocrx_word' id='word_1_265' title='bbox 549 2861 692 2909; x_wconf 87' lang='lat' dir='ltr'>gestas,</span> <span class='ocrx_word' id='word_1_266' title='bbox 727 2853 887 2903; x_wconf 88' lang='lat' dir='ltr'>litteras,</span> <span class='ocrx_word' id='word_1_267' title='bbox 921 2852 1160 2909; x_wconf 80' lang='lat' dir='ltr'>relligionem</span> <span class='ocrx_word' id='word_1_268' title='bbox 1189 2852 1451 2894; x_wconf 87' lang='lat' dir='ltr'>Israelitarum</span> <span class='ocrx_word' id='word_1_269' title='bbox 1484 2852 1603 2896; x_wconf 90' lang='lat' dir='ltr'>Solo-</span> 
     </span>
    </p>
   </div>
   <div class='ocr_carea' id='block_1_6' title="bbox 107 2934 1601 2994">
    <p class='ocr_par' dir='ltr' id='par_1_7' title="bbox 107 2934 1601 2994">
     <span class='ocr_line' id='line_1_33' title="bbox 107 2934 1601 2994; baseline 0.001 -18"><span class='ocrx_word' id='word_1_270' title='bbox 107 2948 338 2978; x_wconf 88' lang='lat' dir='ltr'>moneorum</span> <span class='ocrx_word' id='word_1_271' title='bbox 371 2934 564 2978; x_wconf 88' lang='lat' dir='ltr'>discerno.</span> <span class='ocrx_word' id='word_1_272' title='bbox 620 2935 709 2978; x_wconf 90' lang='lat' dir='ltr'>Non</span> <span class='ocrx_word' id='word_1_273' title='bbox 747 2945 792 2979; x_wconf 84' lang='lat' dir='ltr'>ut</span> <span class='ocrx_word' id='word_1_274' title='bbox 823 2944 934 2979; x_wconf 85' lang='lat' dir='ltr'>autea</span> <span class='ocrx_word' id='word_1_275' title='bbox 968 2950 1102 2979; x_wconf 85' lang='lat' dir='ltr'>vocem</span> <span class='ocrx_word' id='word_1_276' title='bbox 1133 2950 1214 2979; x_wconf 91' lang='lat' dir='ltr'>uon</span> <span class='ocrx_word' id='word_1_277' title='bbox 1247 2936 1531 2994; x_wconf 78' lang='lat' dir='ltr'>explanabilem</span> <span class='ocrx_word' id='word_1_278' title='bbox 1563 2945 1601 2978; x_wconf 88' lang='lat' dir='ltr'>et</span> 
     </span>
    </p>
   </div>
  </div>
 </body>
</html>
