1867 3301
203 331 375 365 Gcnffl'm
392 337 401 361 1
418 335 464 361 -S.

421 370 462 410 [1]

418 689 460 728 [2]

418 855 460 895 [3]

417 1023 459 1062 [4]

414 1356 457 1395 [6]

415 1522 457 1562 [⁷]

416 1778 457 1812 [8]

258 2194 328 2221 Gen.
342 2193 410 2226 XV,
426 2196 453 2222 6.

175 2336 245 2365 Gen.
259 2336 354 2368 XVII,
374 2338 455 2413 9-1[6].

427 2381 442 2406 9

393 2525 456 2564 [1⁰]

392 2690 454 2730 [11]

390 2854 454 2895 [12]

964 208 1030 254 84

498 346 627 402 Quum
650 362 743 389 vero
767 347 1016 389 Abrahamus
1051 363 1194 390 annum
1225 347 1363 406 agebat
1384 348 1739 392 undecentesimum

492 431 692 488 Apparuit
723 433 757 472 ei
779 430 953 481 Jehova,
990 431 1187 489 dixitque:
1225 432 1334 490 »Ego
1369 448 1454 475 sum
1475 433 1582 475 Deus
1606 433 1740 476 Omni-

1102 517 1263 571 potens!

495 597 537 638 Si
571 612 629 638 me
663 599 756 639 colis
790 607 827 639 et
858 598 986 640 bonos
1019 614 1146 641 mores
1179 602 1371 656 sequeris,

493 680 651 723 Foedus
684 690 809 723 tecum
842 685 1027 739 paciscar,
1064 692 1177 739 teque
1203 685 1342 724 mirum
1365 685 1404 724 in
1426 682 1586 724 modum
1609 683 1739 724 multi-

1046 805 1047 808 ,
1100 766 1298 822 plicaho.«

492 847 547 889 Ibi
582 857 663 889 tum
697 848 948 890 Abrahamus
980 864 1131 905 pronus
1165 853 1203 890 in
1236 850 1369 891 facicm
1403 850 1550 891 cecidit.

491 932 596 972 Deus
631 947 723 973 vero
758 935 812 973 sic
845 932 969 974 dicere
1001 932 1205 989 pergebat:

494 1015 617 1056 »Ecce
650 1016 827 1072 equidem
860 1016 999 1056 foedus
1032 1025 1158 1056 tecum
1193 1016 1347 1057 faciam!

489 1098 607 1140 Pater
639 1100 711 1140 eris
743 1099 955 1141 multarum
987 1102 1173 1157 gentium.

493 1181 583 1224 Nou
617 1183 784 1239 amplius
816 1184 1023 1225 Abramus
1055 1183 1123 1224 sed
1154 1182 1417 1225 Abrahamus
1446 1182 1668 1233 vocaberis,

493 1265 687 1320 Quoniam
719 1275 868 1323 patrem
901 1275 937 1308 te
972 1267 1229 1322 complurium
1262 1269 1436 1324 gentium
1469 1268 1667 1309 constitui.

491 1348 615 1391 Valde
638 1359 765 1392 autem
789 1359 825 1392 te
849 1350 1015 1408 augebo,
1043 1350 1177 1391 faciam
1200 1359 1237 1392 te
1259 1351 1499 1407 populorum
1521 1359 1733 1406 parentem,

489 1432 695 1489 Rege-sque
728 1448 776 1475 ex
809 1443 845 1475 te
879 1434 1137 1491 egredientur.

489 1515 648 1558 Foedus
689 1526 817 1559 autem
858 1527 984 1559 tecum
1026 1517 1133 1559 inibo
1176 1526 1213 1558 et
1253 1532 1339 1559 cum
1377 1520 1547 1575 posteris
1589 1520 1664 1559 tuis
1696 1520 1734 1559 in

1098 1610 1331 1658 perpetuum
1343 1618 1352 1652 3

490 1683 542 1725 Ut
573 1686 645 1725 sim
678 1685 784 1726 Deus
816 1693 909 1726 tuus
943 1694 980 1726 et
1011 1687 1167 1725 seminis
1199 1694 1292 1742 post
1323 1694 1360 1726 te
1392 1688 1462 1727 tui.

489 1766 540 1808 Et
572 1767 674 1810 daho
708 1768 779 1809 tibi
812 1777 850 1811 et
881 1771 1050 1825 posteris
1082 1770 1160 1810 tuis
1192 1777 1354 1819 terram,
1388 1771 1428 1810 in
1461 1783 1538 1825 qua
1563 1769 1644 1824 jam
1667 1783 1734 1824 pe-

1096 1854 1305 1909 regrinaris
1334 1878 1379 1883 -

491 1933 663 1984 Scilicet,
696 1943 819 1977 totam
844 1944 985 1977 terram
1011 1934 1289 1985 Canaanacam,
1325 1938 1363 1977 in
1385 1944 1617 1992 perpetuum
1638 1950 1733 1992 pos-

1099 2019 1318 2070 sidendam,

487 2100 712 2143 Dummodo
746 2117 804 2143 me
838 2110 882 2143 ut
914 2102 1038 2144 Deum
1071 2118 1185 2145 suum
1218 2111 1491 2145 venerentur.«

488 2184 590 2225 Tum
632 2185 796 2227 credidit
827 2185 910 2227 Deo
944 2185 1214 2237 Abrahamus,
1257 2195 1295 2228 et
1332 2195 1555 2243 reputatum
1590 2194 1648 2227 est
1678 2186 1731 2226 illi

1096 2270 1145 2311 ad
1170 2271 1377 2326 justitiam.

487 2350 613 2392 Porro
648 2350 749 2391 dixit
780 2349 885 2391 Deus
918 2351 1167 2393 Abrahamo:

487 2432 721 2475 »Servatote
755 2449 905 2490 semper
936 2443 980 2475 tu
1013 2444 1051 2476 ct
1080 2437 1227 2491 posteri
1262 2438 1319 2476 tui
1351 2435 1489 2476 foedus
1521 2450 1660 2477 meum.

489 2517 574 2558 Hoc
607 2526 665 2558 est
694 2526 851 2573 pactum
884 2533 1030 2567 meum,
1066 2521 1166 2561 inter
1190 2533 1248 2560 me
1271 2528 1308 2560 et
1331 2534 1401 2560 vos
1425 2519 1726 2561 observandum.

487 2599 629 2642 Omnes
663 2602 762 2642 inter
794 2617 866 2642 vos
898 2617 1022 2644 mares
1056 2602 1391 2644 circumcidentur.

487 2682 779 2725 Circumcidetis
814 2693 942 2726 autem
973 2688 1179 2741 praeputia
1211 2693 1351 2727 vestra.

482 2766 525 2807 Id
557 2769 630 2808 erit
661 2769 814 2824 signum
848 2767 1014 2810 foederis
1047 2772 1147 2810 inter
1178 2784 1236 2810 me
1270 2778 1306 2809 et
1337 2784 1422 2810 vos.

486 2846 823 2891 Circumcidentur
854 2853 893 2891 in
925 2860 1159 2907 perpetuum
1192 2860 1331 2893 octavo
1357 2852 1417 2892 die
1449 2865 1572 2893 mares
1593 2850 1725 2902 liheri3

487 2929 798 2975 Circumcidetur
829 2936 1019 2989 etiam-is,
1055 2938 1122 2991 qui
1154 2950 1233 2976 non
1268 2944 1325 2976 est
1359 2943 1505 2977 vestrae
1538 2936 1683 2990 stirpis,
