1867 3301
808 205 906 252 227

113 343 362 399 (Geschichte
395 345 432 387 d.
456 346 604 387 Volkes
626 345 743 386 Israel
764 346 798 394 Ι,
822 360 861 401 p.
885 343 1005 398 159):
1039 344 1135 386 »das
1168 359 1264 402 enge
1296 344 1378 386 und
1406 346 1488 387 lose
1522 345 1558 387 d.
1577 348 1602 387 i.

113 430 232 485 alles,·
274 432 349 471 wie
382 431 457 471 wir
496 431 567 470 mit
607 429 825 469 {ihnlichem
858 428 1081 484 Lautspiele
1113 443 1193 469 von
1226 443 1326 470 vorn
1367 429 1442 470 das
1472 428 1606 471 Diclce

111 514 199 555 und
227 514 380 555 Dimne
412 527 571 570 sagen.«
635 511 821 553 Similiter
853 511 1072 569 Sophocles
1106 514 1145 553 in
1176 512 1312 569 Antig.
1336 511 1412 554 40:

290 605 328 643 τί
360 599 452 643 (5³03
484 600 738 657 ταλαῖφρον,
771 601 809 641 εἰ
837 596 939 642 va'd'
958 600 1005 644 ἓν
1037 599 1222 651 τούτοις,
1255 598 1336 653 ἐγώ

290 671 541 715 λύουσέἲν
572 674 598 728 ἢ
623 671 923 727 ’φάπτουσα
954 675 1224 729 προσθείμην
1255 672 1401 715 πλέον.

112 762 190 806 Nec
223 764 295 804 alia
328 772 386 804 est
416 763 480 804 illa
512 763 671 818 liyancli
702 771 739 803 et
767 752 950 804 solt-endi
971 771 1148 819 potestas
1173 760 1214 815 (i.
1233 778 1264 804 e.
1289 765 1419 804 omnia
1440 761 1606 805 faciendi

112 862 211 905 quae
232 847 282 888 ad
303 849 564 903 receptionem
586 855 625 888 et
646 847 871 902 ejectionem
892 846 1173 902 discipulorum
1194 844 1463 902 pertinerent),
1489 862 1606 904 quam

112 932 290 973 ecelesiae
314 945 406 971 suae
430 932 623 971 concessit
643 930 836 971 Dominus
859 939 995 971 noster
1017 927 1176 983 (Matth.
1199 930 1346 980 XVIII,
1370 928 1455 984 18).
1496 931 1606 973 Hanc

112 1014 434 1072 significationem
467 1013 679 1055 verborum
718 1014 810 1055 lusu
842 1013 1059 1071 significare
1093 1023 1257 1055 conatus
1291 1005 1415 1064 sum,
1437 1023 1483 1056 ut
1515 1015 1607 1056 olim

114 1097 365 1140 Godofredus
387 1097 634 1139 Hermannus
669 1098 973 1153 disputationem
1009 1097 1204 1154 quandam
1230 1113 1341 1139 suam
1362 1101 1608 1155 nuncupavit

114 1190 288 1239 »septem
328 1188 473 1237 aperta
513 1188 654 1236 operta
695 1181 801 1237 apud
832 1181 1100 1238 Aeschylum«
1135 1179 1299 1238 (Opusc.
1323 1182 1388 1233 IV,
1422 1198 1461 1239 p.
1487 1180 1604 1236 333).

110 1265 228 1307 Errat
247 1264 449 1314 Ewaldus,
485 1272 530 1305 ut
560 1265 655 1305 mihi
689 1265 844 1321 quidem
877 1265 1045 1315 videtur,
1080 1280 1201 1322 quum
1235 1281 1284 1307 ex
1316 1266 1389 1307 hac
1419 1266 1608 1323 loquendi

113 1348 299 1399 formula,
338 1363 453 1405 quam
486 1350 661 1389 imitatur
691 1347 781 1390 libri
811 1348 965 1405 Regum
998 1358 1147 1399 auctor,
1181 1358 1455 1407 argumentum
1486 1350 1610 1391 trahit

114 1447 206 1474 suae
247 1434 445 1489 opinionis
488 1432 533 1474 de
574 1447 660 1473 sera
701 1432 821 1487 hujus
863 1434 1001 1473 cantici
1035 1435 1196 1489 origine.
1259 1409 1385 1483 Nam,⁴
1417 1441 1464 1474 ut
1495 1442 1609 1475 antea

115 1515 290 1566 ostendi,
332 1524 470 1557 auctor
506 1516 567 1556 ille
601 1515 813 1557 historicus
846 1515 987 1557 librum
1020 1516 1319 1558 Deuteronomii
1351 1518 1514 1559 seorsim
1547 1518 1609 1560 vel

112 1599 256 1641 librum
287 1599 545 1641 ‚Jasharanum
590 1601 656 1655 qui
692 1608 842 1656 partem
876 1600 1002 1641 saltim
1034 1599 1123 1641 libri
1154 1600 1454 1642 Deuteronomii
1484 1602 1609 1643 inclu-

115 1682 249 1733 debat,
283 1685 338 1724 ita
370 1685 504 1724 citavit
534 1691 580 1724 ut
611 1685 679 1739 qui
709 1684 861 1724 nullum
893 1684 1010 1725 alium
1033 1683 1230 1725 Mosaicae
1263 1684 1489 1742 disciplinae
1520 1685 1609 1727 fon-

113 1775 191 1808 tem
223 1766 329 1808 adire
360 1775 509 1823 posset.
574 1766 722 1808 Utram'
748 1767 1003 1823 hypothesim
1036 1770 1219 1810 statueris
1251 1784 1333 1809 non
1363 1771 1498 1825 potuit
1526 1784 1610 1811 non

114 1853 293 1900 novisse,
335 1858 391 1899 et,
436 1852 468 1891 si
508 1849 661 1891 lihitum
702 1859 804 1900 erat,
848 1853 990 1892 imitari
1030 1853 1156 1892 nostri
1197 1854 1333 1893 cantici
1373 1852 1606 1894 locutiones.

114 1932 353 1974 Debiliorem
392 1933 566 1988 ejusdem
602 1935 658 1974 rei
691 1933 1013 1990 significationem
1046 1935 1140 1976 mihi
1172 1937 1368 1976 invenisse
1399 1935 1537 1978 videor
1568 1938 1610 1978 in

120 2016 262 2074 1Reg.
292 2016 437 2066 XVIII,
471 2015 546 2066 21,
576 2016 650 2066 24,
678 2016 731 2058 27
765 2018 812 2058 al.
848 2017 916 2058 ubi
947 2018 1052 2059 Elias
1084 2021 1124 2059 in
1157 2033 1251 2060 suos
1284 2034 1382 2060 usus
1416 2022 1611 2062 convertit

117 2099 233 2142 Deut.
263 2099 435 2151 XXXII,
468 2099 676 2150 37-39,
721 2103 788 2157 qui
828 2101 938 2143 Iocus
978 2103 1018 2143 in
1057 2110 1196 2144 nostro
1238 2105 1387 2146 cantico
1426 2107 1609 2161 proxime

117 2183 300 2226 succedit.

234 2267 389 2309 Auctor
419 2267 563 2309 Psalmi
590 2266 696 2317 CVI,
731 2277 776 2309 ut
807 2267 919 2319 alibi,
960 2270 1013 2310 ita
1046 2284 1163 2310 versu
1193 2267 1271 2320 26,
1311 2273 1439 2312 nostri
1472 2274 1608 2314 cantici

118 2365 275 2393 versum
303 2349 361 2393 40
400 2353 586 2393 imitatur.
649 2351 764 2393 Hunc
802 2367 956 2394 versum
997 2354 1156 2394 nonnisi
1188 2353 1450 2409 jurisjurandi
1490 2358 1611 2412 signi-

117 2435 338 2477 ficationem
370 2437 588 2486 continere,
624 2435 839 2477 ostendunt
871 2435 967 2477 Gen.
991 2436 1097 2487 XIV,
1123 2436 1191 2478 22.
1230 2436 1361 2478 Exod.
1382 2438 1514 2488 XVII,
1542 2437 1609 2481 16.

121 2517 249 2572 Quum
273 2519 466 2576 particula
497 2523 572 2580 Εἰς
604 2521 645 2560 in
661 2519 921 2575 jurejurando
945 2522 1192 2577 negationem
1215 2523 1411 2577 exprimat
1433 2518 1496 2574 (cf.
1521 2537 1553 2563 e.
1570 2537 1609 2579 g.

118 2601 184 2643 Ps.
206 2601 331 2653 XCV,
359 2600 450 2657 11),
494 2611 669 2659 praestat
698 2605 738 2644 in
771 2619 807 2644 v.
831 2602 883 2645 41
926 2603 1190 2645 conditionem
1222 2604 1454 2662 intelligere,
1498 2607 1610 2663 cujus

121 2684 316 2741 apodosin
349 2686 469 2728 verbo
502 2684 642 2754 Ξῆἶζὶζζ
675 2689 932 2729 contineatur.

239 2768 379 2810 Varias
411 2771 754 2827 interpretationes
776 2771 986 2812 locutionis
1009 2765 1167 2830 ΠἿἩἾῌ
1191 2765 1349 2817 {AJN-ID
1371 2787 1409 2813 v.
1427 2771 1485 2815 42
1507 2772 1614 2830 apud

120 2850 462 2894 Rosenmfillerum
494 2855 682 2895 invenies.
728 2854 771 2895 In
805 2853 1094 2895 Commentario
1128 2834 1177 2895 ad
1209 2854 1389 2897 Deborae
1422 2858 1612 2898 canticum

125 2932 231 2988 (Jud.
250 2935 300 2986 V,
329 2934 365 2986 1,
390 2934 581 2990 28—30)
623 2937 827 2980 ostendam
858 2953 1001 2980 nomen
1032 2932 1210 3007 ΠἼἨἾΞ-Ξ,
1253 2941 1431 2995 quamvis
1464 2938 1614 2982 femini-

1260 3020 1329 3055 15*
