1867 3301
773 197 893 269 25⁷5>

80 349 187 382 tunm
221 339 377 381 evolves
410 353 457 379 ne
491 353 609 379 unnni
645 338 800 395 quidem
835 337 1055 394 exemplum
1088 339 1281 387 invenies,
1324 336 1389 378 nbi
1423 342 1475 405 Tb}
1510 353 1569 379 re-

76 424 196 465 lativo
237 438 352 464 sensu
398 429 626 478 usurpatur.
693 421 811 475 Quod
853 423 952 462 enim
995 420 1152 462 duobus
1196 422 1231 461 in
1273 421 1368 462 locis
1409 423 1469 462 vir
1507 422 1568 462 ille

76 506 299 547 laboriosus
338 505 660 562 significationem
700 520 798 546 nam
837 505 927 545 huic
967 504 1179 560 particulae
1212 505 1428 560 assignavit
1460 501 1567 557 (dud.

75 589 125 639 V,
154 588 217 631 13.
257 589 398 630 Psalm.
423 587 651 637 LXXXIX,
677 585 770 641 20),
813 587 1024 644 utrobique
1069 587 1292 643 temporalis
1334 595 1371 628 et
1408 587 1569 628 demon-

77 675 238 714 strativa
271 674 329 713 vis
362 671 497 713 elucet.
554 671 657 712 Idem
692 672 818 712 valere
852 671 898 712 de
932 671 1007 712 hoc
1038 671 1125 711 loco
1160 670 1325 712 affirmo.
1382 669 1479 711 Nam
1514 675 1568 738 Ῐθτιὲ

76 758 198 816 ἾΞἿἾ
228 771 307 796 non
341 754 488 804 differt,
522 756 596 795 nisi
630 750 788 795 mutatis
820 754 1032 803 mutandis,
1067 769 1088 794 a
1116 754 1315 795 locutione
1338 754 1402 794 illa
1422 754 1568 795 Psalmi

77 820 201 881 citati}
241 840 385 906 ξἿἾξΥἾ
418 843 492 905 ἷζέ,
526 852 642 894 quam
676 852 809 878 omnes
842 845 1003 878 vertunt
1034 844 1128 878 tunc
1159 839 1183 878 i.
1208 852 1239 878 e.
1276 851 1396 893 quum
1428 836 1567 878 foedus

75 922 173 964 illud
204 902 326 963 fecisti
357 922 513 963 locutus
545 937 585 963 es
615 922 658 962 in
680 921 846 962 oraculo
880 918 967 977 (per
987 919 1225 970 Nathanem,
1261 920 1286 961 2
1305 920 1503 969 Sam.Vll,
1522 918 1567 973 4)

77 1007 134 1047 ad
156 1007 277 1062 pium
308 1012 430 1046 tumn.
496 1003 718 1046 Contextus
758 1006 841 1061 ipse
879 1004 1056 1061 postulat
1087 1012 1132 1044 ut
1163 1004 1226 1044 hic
1259 1018 1418 1060 quoque
1450 1004 1569 1045 verba

78 1098 292 1131 vertamus:
328 1096 446 1130 »banc
478 1089 682 1144 temporis,
717 1088 862 1129 scilieet
893 1103 938 1129 eo
973 1090 1059 1144 ipso
1084 1087 1145 1128 die
1167 1101 1247 1143 quo
1271 1087 1424 1128 Jehova
1445 1087 1569 1129 Amo-

76 1188 188 1214 raeos
205 1173 387 1214 Israelitis
410 1171 592 1221 traderet,
618 1171 811 1213 allocutus
830 1180 888 1212 est
903 1171 1026 1212 desua
1041 1170 1234 1212 Jehovam
1256 1179 1294 1212 et
1315 1170 1416 1212 dixit
1437 1186 1567 1213 coram

76 1258 249 1298 exercitu
281 1271 396 1298 su0.«
444 1254 534 1296 Non
567 1270 667 1312 nego
701 1255 782 1296 fieri
815 1269 933 1311 posse
965 1263 1011 1295 ut
1043 1254 1255 1296 meridiano
1279 1263 1454 1311 tempore
1475 1256 1567 1296 luna

76 1354 255 1381 occasum
287 1354 424 1380 versus
465 1346 652 1395 appareat
684 1335 778 1395 (qua
817 1340 977 1395 regione
1004 1338 1130 1393 jacuit
1160 1337 1304 1393 Ajalon
1338 1354 1359 1378 a
1393 1338 1568 1382 Giheone

76 1420 322 1479 conspecta),
365 1422 433 1463 sed
473 1424 510 1463 in
553 1423 624 1463 hac
664 1422 831 1463 dictione
872 1422 985 1463 lunae
1025 1431 1155 1477 partes
1195 1425 1358 1479 exiguas
1382 1410 1474 1464 ⁸esse
1508 1423 1568 1463 vel

76 1506 203 1548 scriba
241 1507 302 1547 ille
341 1506 629 1547 R‘Iasorethicus
673 1505 789 1555 vidit,
833 1507 901 1561 qui
934 1502 987 1558 (v.
1020 1503 1088 1559 13)
1130 1508 1287 1547 nonnisi
1328 1506 1448 1547 solem
1488 1522 1568 1547 me-

76 1598 214 1630 morat.
276 1588 361 1630 Nisi
399 1589 498 1630 sorte
539 1598 656 1646 putas
688 1589 852 1630 Josuam
885 1589 1079 1639 voluisse,
1123 1598 1166 1630 ut
1196 1590 1290 1630 luna
1322 1590 1448 1631 saltim
1480 1590 1568 1631 illu-

75 1674 239 1713 minaret
266 1673 439 1714 hostium
466 1675 780 1723 insectationem,
815 1681 1026 1729 postquam
1061 1673 1154 1714 solis
1182 1673 1325 1714 lumine
1351 1674 1400 1715 ad
1424 1673 1568 1716 Gibeo-

74 1771 158 1797 nem
193 1765 366 1798 cessante
390 1765 497 1798 trans
515 1757 614 1813 juga
638 1758 829 1798 montium
853 1759 891 1797 in
914 1756 1050 1796 vallem
1074 1755 1253 1812 Ajalonis
1278 1757 1569 1799 descendissent

75 1841 243 1880 victores
284 1848 321 1881 et
361 1842 463 1880 victi.
529 1839 690 1881 Summa
732 1842 831 1881 enim
875 1841 977 1889 voti,
1019 1848 1064 1880 ut
1099 1840 1198 1881 vidit
1228 1840 1565 1891 Rosenmiillerus‚

76 1921 170 1963 haec
208 1930 283 1962 est:
334 1923 486 1963 »nolint
531 1923 609 1964 duo
649 1938 743 1980 prae
786 1925 920 1964 ceteris
961 1923 1212 1980 aspectabilia
1251 1933 1356 1965 astra
1394 1939 1565 1981 propero

77 2019 191 2046 eursu
227 2005 348 2046 lucem
381 2006 562 2047 Israelitis
602 2008 641 2047 in
673 2007 744 2048 hae
777 2009 1115 2063 opportunissima
1147 2007 1244 2048 valle
1277 2006 1448 2049 ablatum
1479 2023 1568 2064 per-

74 2103 182 2144 gere,
216 2090 407 2145 tantisper
440 2089 530 2131 dnm
566 2105 660 2131 suos
695 2090 828 2131 hostes
863 2089 1104 2132 caederent.«

191 2171 257 2213 Ad
296 2175 475 2214 carminis
515 2175 640 2215 nostri
681 2175 980 2231 integrationem
1021 2175 1130 2231 quod
1169 2177 1308 2216 attinet
1343 2177 1568 2232 conjectura

75 2270 176 2312 opus
216 2264 286 2297 est.
350 2256 446 2297 Nam
488 2256 608 2298 verba
648 2259 734 2314 ipsa
774 2259 813 2298 iu
853 2259 1076 2300 narratione
1117 2244 1380 2300 Masorethica
1420 2260 1568 2301 inclusa

73 2341 194 2380 teneri
234 2354 347 2381 nemo
391 2340 597 2382 crediderit
637 2343 701 2397 qui
743 2341 870 2383 dudic.
912 2357 943 2383 c.
977 2342 1031 2383 lV
1073 2357 1158 2383 cum
1198 2341 1377 2385 Deborae
1417 2345 1566 2384 cantico

74 2425 369 2479 comparaverit.
417 2423 474 2464 Ibi
497 2426 596 2465 enim
629 2422 736 2477 (Jud.
760 2425 815 2466 IV
845 2441 882 2466 v.
908 2423 975 2478 14)
1000 2425 1157 2467 Debora
1179 2426 1406 2483 Baraquum
1431 2427 1567 2468 eodem

73 2505 191 2547 modo
232 2521 310 2563 quo
352 2508 414 2549 hic
447 2505 501 2560 (v.
526 2505 569 2561 8)
601 2508 753 2550 deliova
784 2509 948 2550 Josuam
986 2509 1190 2559 hortatum
1232 2524 1389 2565 nempe,
1431 2510 1566 2551 hostes

74 2587 212 2630 infesta
251 2592 329 2632 acie
370 2592 661 2649 oppugnandos
704 2607 808 2643 esse3
852 2608 939 2633 nam
974 2593 1098 2633 Deum
1134 2608 1201 2634 eos
1234 2595 1271 2633 in
1306 2592 1566 2634 Israelitarnm

74 2686 211 2713 manns
250 2673 469 2715 tradidisse.
534 2675 589 2716 De
629 2690 709 2732 quo
753 2685 877 2717 tamen
919 2676 1078 2717 oraculo
1113 2676 1201 2717 silet
1232 2675 1412 2717 Deborac
1444 2679 1567 2732 epini-

75 2757 188 2795 cinm.
252 2755 377 2797 Filum
411 2757 620 2808 habemus,
664 2774 762 2816 qnae
795 2775 868 2800 nos
901 2759 949 2800 ad
983 2760 1150 2815 aliquam
1185 2768 1285 2801 certe
1318 2762 1449 2800 amissi
1483 2760 1568 2801 tlic-

74 2840 178 2879 sauri
218 2848 367 2894 partem
406 2843 516 2897 quasi
552 2856 666 2883 manu
701 2843 830 2884 ducat.
894 2841 991 2883 Nam
1026 2858 1159 2885 vocem
1193 2847 1324 2912 ἽᾩΙζῒ,
1368 2858 1466 2900 quae
1500 2844 1566 2884 be-

73 2922 310 2977 niynz'latem
332 2922 511 2976 denotat,
545 2927 582 2965 in
617 2925 679 2966 illa
701 2926 827 2968 Mosis
851 2928 1036 2968 ovatione
1058 2929 1111 2968 ita
1135 2936 1363 2984 usurpatam
1390 2926 1566 2969 videmus
