1867 3301
463 738 970 808 CONSPECTUS
1016 736 1288 800 RERUM

60 858 62 866 Α
131 875 183 917 ΙΝ
208 873 621 918 PROLEGOMENIS
651 873 722 915 ET
752 868 1161 915 COMMENTARIIS
1190 866 1626 911 TRACTATARUM.

668 1108 1094 1152 PROLEGOMENA.

776 1225 932 1262 CAPIT.
960 1226 984 1261 l.
1553 1252 1626 1274 pm.

136 1295 323 1358 Scriptura
351 1310 452 1346 Sacra
479 1321 623 1356 quanam
651 1311 694 1344 sit
721 1311 850 1344 ratione
876 1310 1124 1347 θεόπνευστοςῖ)
1181 1333 1532 1340 .......
1607 1306 1629 1340 2

133 1383 321 1418 Declaratio
348 1382 518 1417 Ecclesiae
544 1381 748 1429 Anglicanae
773 1404 1532 1414 ..............
1607 1375 1627 1411 3

132 1455 164 1489 J.
183 1456 222 1489 A.
240 1455 377 1488 Ernesti
405 1455 570 1489 sententia
598 1475 1532 1486 .................
1607 1447 1628 1482 3

135 1525 291 1560 Clemens
318 1525 570 1560 Alexandrinus
598 1525 678 1571 quid
707 1522 1002 1570 pronuntiaverit?
1065 1546 1532 1555 .........
1606 1517 1628 1554 3

132 1597 282 1632 Eandem
310 1598 501 1643 opinionem
530 1597 568 1631 ab
597 1608 766 1642 anonymo
797 1595 943 1641 quodam
971 1595 1134 1628 Britanno
1162 1591 1325 1638 prolatam
1355 1603 1428 1625 esse
1467 1617 1474 1623 .
1525 1617 1531 1623 .
1607 1589 1627 1624 4

133 1668 377 1704 Convenientia
403 1670 490 1703 inter
515 1668 654 1704 verbum
677 1667 737 1702 Dei
764 1668 796 1701 in
825 1667 897 1701 S.S.
917 1671 949 1700 et
975 1666 1128 1711 spiritum
1157 1664 1338 1697 humanum
1369 1662 1447 1708 quid
1478 1662 1535 1696 de-

181 1740 372 1775 monstret?
423 1760 1532 1774 ....................
1607 1733 1627 1767 5

135 1812 314 1847 Gaussenii
342 1813 516 1846 concessio
541 1831 1531 1844 ..................
1607 1804 1628 1838 5

135 1883 314 1925 Quomodo
336 1884 524 1918 discernere
541 1883 715 1928 possimus
735 1883 821 1916 inter
841 1881 985 1915 divinam
1008 1879 1080 1915 S.S.
1100 1878 1279 1913 medullam
1300 1884 1332 1912 et
1351 1878 1532 1911 humanum

184 1954 336 1999 ejusdem
363 1954 578 1991 involucrum
598 1974 1532 1987 .................
1606 1946 1627 1981 6

772 2076 927 2113 CAPIT.
958 2075 999 2111 ΙΙ.

135 2166 318 2201 Veritatem
346 2178 588 2214 saepenumero
606 2166 659 2202 vel
687 2167 718 2201 in
737 2166 835 2201 Novo
856 2166 1078 2200 Testamento
1105 2165 1197 2197 intus
1224 2162 1327 2198 latere
1355 2168 1386 2197 et
1410 2164 1532 2197 riman-

183 2239 256 2273 dam
285 2250 360 2274 esse
425 2261 1531 2272 ....................
1605 2232 1626 2268 7

136 2309 225 2344 Illud
253 2311 285 2343 in
313 2310 455 2344 historia
481 2310 739 2345 resurrectionis
766 2308 877 2344 valere
903 2320 971 2342 uno
1001 2307 1153 2353 exemplo
1183 2307 1374 2341 ostenditur
1409 2334 1415 2339 .
1468 2333 1473 2339 .
1526 2332 1531 2338 .
1604 2303 1628 2339 8

133 2381 382 2427 Apostolorum
408 2381 509 2416 index
534 2386 699 2428 purgatus
728 2385 761 2414 et
788 2379 966 2426 explicitus
1005 2403 1531 2412 ..........
1604 2374 1628 2410 8

133 2452 283 2487 Jacobus
311 2452 446 2498 quando
474 2453 597 2487 viderit
622 2452 811 2487 redivivum
841 2451 1089 2497 Sospitatorem
1120 2474 1531 2483 ........
1583 2445 1626 2481 13

134 2524 243 2558 Vetus
272 2524 530 2559 Testamentum
556 2536 581 2559 a
602 2525 763 2566 fortiori
789 2522 1008 2557 Californiam
1036 2521 1203 2567 quandam
1234 2519 1391 2567 appellari
1418 2531 1531 2565 posse,

182 2607 250 2640 quo
278 2607 396 2630 aurum
423 2595 481 2631 diu
509 2595 681 2631 delituerit
712 2617 1529 2629 ...............
1583 2587 1626 2624 13

763 2719 917 2757 CAPIT.
949 2718 1006 2755 111.

135 2808 183 2845 Ne
209 2808 297 2844 Novi
324 2809 460 2855 quidem
481 2809 692 2845 Testamenti
718 2814 847 2844 textum
873 2810 1109 2844 intemeratum
1136 2819 1211 2843 esse
1235 2833 1530 2842 ......
1582 2802 1625 2840 14

135 2881 294 2916 Matthaei
320 2879 542 2928 Evangelium
577 2893 644 2916 non
670 2882 735 2916 nisi
762 2882 796 2916 in
822 2882 981 2917 versione
1009 2880 1131 2915 Graeca
1157 2880 1197 2915 ad
1225 2891 1289 2914 nos
1317 2878 1532 2914 descendisse
1584 2876 1625 2911 14
