1867 3301
276 398 372 427 exoa.
389 398 456 426 xv.

444 438 486 478 [9]

425 670 488 710 [ιο]

425 836 487 875 [11]

425 1085 487 1124 [12]

426 1168 488 1207 [13]

426 1587 488 1623 [21]

427 1919 489 1958 [14]

428 2087 491 2125 [15]

426 2335 488 2374 [16]

427 2668 490 2707 [17]

428 2916 491 2956 [18]

970 186 1071 234 234

520 327 789 385 Congregatac
822 337 914 369 sunt
945 327 1080 383 abyssi
1113 329 1153 368 in
1185 327 1311 369 medio
1345 330 1453 369 mari.

521 412 630 452 Dixit
661 411 806 452 hostis:
842 425 1093 467 »persequar,
1128 425 1327 467 assequar,

520 494 704 536 Praedam
740 493 927 543 dividam,
963 503 1001 535 et
1033 503 1125 535 vota
1156 508 1239 535 mea
1272 493 1547 550 explebuntur.

520 577 719 634 Stringam
751 577 945 634 gladium,
979 592 1063 618 mea
1094 591 1232 618 manus
1266 592 1331 618 eos
1364 576 1674 633 pessumdabit.«

520 661 650 702 Vento
684 669 753 701 tuo
786 661 921 711 nabas,
956 670 994 702 et
1026 662 1183 718 operuit
1214 675 1280 702 eos
1313 675 1437 709 mare,

521 744 723 785 Submersi
757 752 868 793 sunt,
904 746 1005 785 sicut
1035 729 1258 800 plumbum,
1292 745 1331 784 in
1364 745 1475 800 aquis
1508 744 1716 784 immensis.

523 828 618 882 Quis
652 830 753 869 sicut
783 837 826 868 tu
858 830 957 868 inter
988 827 1106 876 Deos,
1140 826 1321 868 Jehova?

522 911 617 965 Quis
651 913 752 951 sicut
783 919 825 951 tu
858 910 1086 967 magnificus
1120 912 1158 950 in
1192 911 1406 957 sanctitate,

519 993 720 1035 Laudibus
754 1002 959 1050 augustus,
994 992 1182 1033 mirabilia
1214 990 1448 1049 praestans?

520 1076 743 1119 Extendisti
776 1077 952 1118 dextram
985 1085 1112 1125 tuam,
1146 1085 1230 1117 tum
1263 1084 1364 1116 terra
1398 1090 1464 1116 eos
1498 1073 1713 1116 devoravit.

522 1160 598 1201 Pro
631 1160 869 1217 benignitate
904 1160 1012 1201 ducis
1044 1160 1238 1216 populum
1271 1174 1385 1216 quem
1415 1158 1600 1208 liberasti,

520 1243 597 1284 Pro
639 1245 815 1300 potentia
853 1252 921 1284 tua
957 1243 1065 1284 ducis
1099 1258 1185 1284 eum
1219 1241 1267 1303 ad
1298 1241 1579 1283 habitationem
1613 1239 1766 1283 Sancti-

1057 1328 1148 1367 tatis
1174 1324 1282 1367 tuae.

821 1484 973 1511 CHORUS
1007 1483 1179 1511 MULIERU
1185 1484 1223 1510 M.

525 1576 634 1619 Cano
667 1577 878 1626 Jehovam,
913 1592 1000 1617 nam
1033 1577 1204 1633 gloriose
1236 1576 1426 1633 gloriatus
1460 1583 1529 1624 est,

520 1660 675 1717 Equum
709 1669 746 1701 et
777 1662 944 1717 equitem
979 1659 1116 1715 dejecit
1146 1661 1184 1699 in
1218 1673 1333 1699 marc.

698 1803 718 1821 ³
808 1816 1064 1844 PRAEFECTUS
1099 1816 1231 1843 enom.

522 1910 697 1951 Audient
728 1910 804 1951 hoc
834 1917 968 1966 gentes
1002 1917 1040 1949 et
1072 1911 1388 1959 contremiscent3

521 1993 670 2034 Incolas
698 1993 939 2034 Palaestinae
969 1994 1088 2034 timor
1121 1992 1340 2048 occupabit.

526 2077 630 2118 Tum
661 2076 880 2133 perturbati
913 2085 1028 2117 erunt
1058 2076 1263 2132 phylarchi
1294 2075 1515 2124 Idumaeae,

522 2160 708 2201 Proceres
741 2159 1005 2200 Moabitarum
1039 2161 1224 2215 corripiet
1254 2173 1392 2215 pavor,

520 2243 632 2284 Metu
664 2242 845 2283 dissoluti
878 2251 993 2284 erunt
1025 2257 1157 2283 omnes
1192 2241 1441 2284 Canaanaeae
1474 2239 1726 2283 habitatores.

520 2326 682 2367 Invadet
715 2340 780 2366 eos
814 2327 931 2365 timor
963 2334 1000 2365 et
1032 2334 1189 2366 tremor.

518 2410 688 2465 Propter
718 2410 932 2464 potentiam
964 2407 1112 2448 brachii
1145 2410 1203 2448 tui
1235 2417 1280 2448 ut
1310 2408 1408 2463 lapis
1443 2406 1722 2459 obmutescent,

521 2492 656 2534 Donec
686 2492 883 2532 transierit
913 2490 1086 2546 populns
1118 2499 1225 2539 tuus,
1259 2490 1423 2538 Jehova,

522 2576 656 2617 Donec
688 2575 885 2616 transierit
916 2573 1101 2629 populus,
1136 2587 1250 2628 quem
1285 2572 1444 2628 elegisti.

521 2658 650 2700 Duces
685 2672 771 2699 eum
805 2666 842 2698 et
872 2656 1066 2713 plantabis
1099 2657 1137 2696 in
1170 2664 1301 2696 monte
1335 2654 1557 2696 hereditatis
1590 2663 1691 2703 tuae,

522 2743 565 2783 In
596 2742 696 2790 loco,
732 2755 847 2796 quem
879 2740 961 2781 sedi
995 2748 1082 2781 tuae
1113 2740 1280 2795 parasti,
1313 2738 1477 2787 Jchova‚

521 2825 563 2865 ln
595 2826 778 2873 sacrario,
812 2824 997 2873 Domine,
1033 2821 1141 2879 quod
1171 2836 1308 2862 manus
1341 2829 1431 2862 tuac
1459 2827 1762 2862 exornaverunt.

522 2907 674 2950 ,lehova
706 2906 886 2963 regnabit
915 2908 956 2947 in
986 2914 1183 2948 aeternum
1216 2914 1254 2946 et
1285 2912 1488 2961 perpetuo.
