1867 3301
959 205 1059 253 204

265 348 364 389 vidis
406 349 529 403 ipsius
570 348 717 404 gloriae
759 346 1016 387 contulissent
1049 345 1087 399 (1
1112 346 1281 405 Paralip.
1305 347 1389 398 ΧΠ,
1415 346 1471 401 8).
1535 348 1592 389 De
1625 349 1753 392 Ashe-

263 435 360 481 ritis,
396 434 462 488 qui
495 439 700 487 angustam
734 429 890 487 quidem
928 429 998 471 sed
1029 429 1303 472 fertilissimam
1334 434 1451 473 maris
1482 432 1751 475 mediterranei

265 528 373 555 oram
415 512 678 569 occupabant,
726 514 823 555 nihil
872 514 935 555 hic
975 523 1319 564 commemoratur,
1368 517 1442 556 nisi
1483 517 1623 572 opimis
1663 516 1750 557 illos

265 597 408 639 deliciis
449 596 667 647 abundare,
710 599 764 638 ita
802 606 847 638 ut
879 597 1042 639 Solomo
1085 598 1294 655 cuppedias
1329 599 1619 656 qualescunque
1659 614 1750 641 suas

263 682 352 723 inde
400 689 631 736 asportaret.
702 680 1046 737 Naphthalitarum
1084 684 1335 738 praeconium
1380 683 1513 738 paullo
1557 681 1750 724 difficilius

262 767 388 822 primo
423 772 582 821 aspectu
615 773 788 821 apparet.
836 764 934 806 Nam
956 766 1113 822 plurimi
1136 767 1364 822 interpletes
1385 774 1539 807 textum
1561 768 1616 807 sic
1636 766 1751 807 refin-

263 848 433 907 gendum
464 856 537 904 put
541 856 624 888 1nt
666 846 774 915 πρῖε)
806 851 934 909 *10²3
967 844 1124 913 3an
1117 832 1275 918 rii-3¹7&
1306 832 1431 894 ,π’-»κ
1464 835 1634 917 ιὲιτ-πςιςι
1668 851 1693 889 i.
1717 863 1748 890 e

264 931 503 989 ›;›N1phthali
550 939 608 973 est
656 931 773 972 arbor
822 912 1047 982 surculosa,
1098 902 1222 972 edens
1257 947 1387 973 ramos
1434 932 1749 988 pulcritudinis«

266 1017 396 1072 Quum
434 1025 563 1057 tamen
601 1016 772 1072 leliquae
813 1015 939 1056 tribus
980 1030 1061 1056 non
1093 1029 1178 1055 eum
1210 1015 1354 1071 plantis
1387 1014 1456 1056 sed
1488 1030 1574 1057 cum
1606 1017 1751 1057 anima-

263 1101 364 1143 libus
399 1107 684 1155 comparentur,
718 1107 892 1155 praestat
924 1107 1023 1139 eerte
1057 1098 1216 1140 eandem
1248 1099 1542 1140 translationem
1565 1099 1628 1141 hic
1651 1113 1751 1156 quo-

264 1200 337 1242 que
378 1191 615 1239 exspectare.
681 1181 874 1235 Quocirca
913 1182 1120 1238 legendum
1161 1190 1219 1223 est
1250 1166 1399 1250 Πιτὶξζς,
1441 1192 1479 1224 et
1509 1183 1751 1225 reddendum

262 1277 308 1310 ut
338 1270 376 1309 in
409 1268 587 1308 versione
619 1268 750 1322 posui.
813 1264 912 1307 Nam
945 1280 1064 1307 cerva
1096 1266 1241 1307 emissa
1273 1266 1332 1307 vel
1365 1282 1483 1308 cerva
1514 1267 1604 1308 loca
1633 1282 1748 1308 mon-

263 1360 362 1394 tana
399 1351 524 1393 libero
557 1350 668 1406 pede
705 1364 928 1405 permeans
971 1358 1059 1406 apte
1105 1358 1370 1406 repraesentat
1406 1348 1750 1406 Naphthalitarum

262 1444 419 1485 sortem,
454 1436 521 1491 qui
552 1433 744 1476 Libanum
779 1433 1034 1489 occupabant,
1067 1433 1199 1490 ibique
1230 1441 1324 1490 post
1343 1433 1515 1490 Baraqui
1547 1435 1749 1475 victoriam

263 1534 413 1561 summa
450 1517 626 1560 libertate
667 1517 910 1558 fruebantur.
973 1516 1177 1558 Praeterea
1214 1517 1403 1574 quaedam
1434 1517 1591 1559 bellicae
1622 1517 1748 1560 laudis

263 1603 494 1660 significatio
531 1604 571 1642 in
602 1601 675 1641 hac
705 1601 832 1658 figura
864 1602 1053 1641 contineri
1084 1608 1228 1657 potest.
1288 1600 1485 1642 Velocitas
1518 1597 1619 1644 eni'm
1649 1598 1750 1643 inter

262 1686 444 1727 militares
491 1686 749 1741 praestantias
791 1692 980 1725 censetur.
1043 1683 1100 1724 lta
1130 1684 1300 1725 Achilles
1341 1693 1532 1741 perpetuo
1574 1685 1746 1741 epitheto

262 1769 400 1817 πόδας
422 1765 528 1816 ὠκὺς
549 1776 725 1818 vocatur,
761 1776 809 1817 et,
844 1770 876 1808 si
908 1782 1044 1809 verum
1076 1767 1169 1817 vidi,
1203 1776 1351 1809 veteres
1373 1768 1541 1818 Etrusci,
1574 1777 1619 1809 ut
1642 1768 1748 1810 Teu-

261 1863 373 1895 tones
405 1853 459 1894 illi
491 1867 513 1893 a
545 1851 688 1909 quibus
723 1853 798 1893 orti
831 1860 941 1900 sunt,
984 1865 1099 1891 suum
1138 1865 1281 1892 nomen
1320 1865 1342 1892 a
1382 1851 1573 1892 celeritate
1609 1866 1746 1893 cursus

263 1936 492 1979 derivabant
539 1933 827 1988 (Varronianus
866 1934 938 1975 Ed.
970 1934 1034 1975 alt.
1066 1950 1104 1990 p.
1130 1931 1222 1987 69).
1305 1934 1489 1975 Similiter
1536 1937 1576 1975 in
1620 1943 1747 1977 vetere

262 2021 513 2062 Testamento
546 2019 684 2060 heroes
717 2019 770 2059 illi
794 2016 954 2059 Gaditae
977 2017 1161 2059 dicuntur
1182 2032 1265 2059 esse
1288 2032 1541 2074 »caprearum
1564 2020 1687 2060 instar
1708 2020 1747 2060 in

261 2103 460 2146 montibus
483 2103 661 2144 veloces«
695 2098 735 2154 (1
760 2102 929 2157 Paralip.
952 2100 1036 2150 XII,
1060 2098 1117 2154 8).
1165 2101 1216 2143 Et
1236 2101 1381 2143 Asahel
1409 2100 1642 2143 describitur
1660 2110 1747 2143 tan-

262 2202 376 2245 quam
408 2200 593 2242 »capreae
623 2186 805 2241 sylvestri
834 2184 979 2240 pedum
1005 2185 1207 2226 velocitate
1232 2185 1393 2226 similis«
1418 2182 1462 2238 (2
1480 2183 1584 2226 Sam.
1601 2185 1644 2235 ΙΙ,
1661 2183 1743 2238 18).

263 2270 481 2324 Quinetiam
514 2271 554 2310 in
586 2269 706 2325 elegia
730 2268 946 2309 Jasharana
979 2267 1122 2309 Saulus
1156 2277 1193 2309 et
1224 2268 1422 2310 Jonathan
1454 2268 1592 2325 aquilis
1624 2268 1747 2309 levio-

259 2369 321 2396 res
354 2353 473 2394 fuisse
504 2351 761 2408 perhibentur
793 2348 836 2403 (2
860 2350 964 2392 Sam.
987 2351 1014 2400 I,
1040 2349 1126 2404 23).
1183 2351 1314 2393 Verba
1344 2352 1408 2392 illa
1427 2351 1746 2407 pulchritudinis

260 2438 321 2478 vel
352 2436 580 2492 splendoris
612 2449 710 2491 quae
741 2434 1006 2490 Naphthalitis
1033 2434 1263 2475 ‘tribuuntur
1284 2443 1460 2491 spectant
1480 2433 1742 2490 proculdubio

261 2520 310 2562 ad
341 2519 628 2561 nobilissimum
652 2517 747 2559 illud
769 2519 988 2574 epinicium,
1023 2532 1101 2574 quo
1125 2516 1282 2558 Debora
1302 2517 1553 2573 prophetissa
1572 2517 1744 2574 Baraqui

259 2603 536 2659 Naphthalitae
558 2603 759 2643 victoriam
783 2600 1000 2642 celebravit.
1047 2600 1222 2642 Verbum
1244 2604 1351 2669 Ἶξῗξ
1367 2599 1598 2655 jubilantem
1621 2602 1744 2642 victo-

259 2701 346 2727 rum
379 2686 657 2727 exultationem
688 2694 776 2741 apte
799 2684 1015 2726 describere
1038 2698 1167 2741 posse,
1204 2683 1375 2724 ostendit
1394 2699 1476 2725 vox
1498 2677 1626 2751 ᾛἼῖζ)
1647 2684 1744 2726 tuba

260 2769 319 2810 vel
358 2769 498 2818 lituus,
540 2768 629 2809 inde
671 2768 856 2809 derivata.
929 2767 1037 2809 Hanc
1076 2766 1359 2808 vocabulorum
1400 2767 1580 2808 familiam
1617 2781 1743 2823 nuper

260 2854 427 2893 examini
460 2851 624 2906 subjecit
655 2851 698 2893 F.
721 2851 908 2893 Bo’tteher
940 2848 1094 2905 (Hofer,
1129 2851 1317 2893 Zeitschr.
1342 2849 1367 2892 f.
1392 2850 1427 2892 d.
1453 2847 1743 2893 Wissenschaft

261 2934 329 2975 der
351 2934 524 2991 Sprache
545 2935 604 2985 Ill,
628 2950 695 2991 pp.
724 2934 802 2977 1—-
818 2932 902 2988 31).
