1867 3301
105 331 173 374 ubi
206 331 377 373 secunda
409 346 512 372 uxor
544 330 744 372 inducitur
770 329 1016 372 Olmlibama
1050 313 1358 400 (ΠᾩᾎἾῌῃζτέ),
1392 332 1470 373 lilia
1490 333 1599 375 Anae

108 414 295 457 Chivvaei
320 412 433 468 (Gen.
458 413 650 464 XXXVI,
678 412 734 468 2),
769 414 996 456 crediderim
1030 430 1152 457 unum
1184 415 1391 457 dumtaxat
1412 431 1461 456 ex
1481 416 1600 458 Esavi

106 501 250 540 soceris
275 497 499 540 Chittaeum
522 497 662 548 fuisse,
698 499 879 554 illiusque
902 498 1039 549 liliam,
1074 508 1207 541 utrum
1231 502 1262 541 is
1284 498 1397 542 Elon
1419 514 1469 540 an
1490 500 1601 541 Beer

105 582 419 639 nuncupabatur,
454 596 597 623 nomen
629 581 845 623 nobilitatis
879 587 979 650 ΓΓΤἹΞΤῙ
1008 583 1197 639 superba,
1232 583 1292 625 vel
1314 586 1480 644 NWM'D
1509 583 1599 624 Zan-

106 666 253 708 dabilis
273 668 461 722 gessisse3
496 662 658 733 Πῖ-Ξῖζῖξ
682 674 810 707 autem
832 665 1105 707 Ismaelitidem
1127 666 1260 717 suisse3
1301 675 1339 708 et
1361 665 1599 709 Chivvaealn

108 748 394 791 Oholibamam
426 751 450 790 i.
475 765 506 791 e.
542 750 758 790 tentorium
791 749 956 803 excelsi,
992 751 1024 790 si
1057 749 1165 791 aliud
1197 765 1414 807 cognomen
1446 750 1596 801 habuit,

104 833 336 890 appellatam
368 832 487 874 fuisse
514 833 682 874 Tsillam
713 835 737 874 i.
762 848 793 874 e.
827 834 1027 875 umbrcun.
1075 832 1175 874 Nam
1205 848 1254 874 cx
1275 842 1401 875 mente
1422 837 1599 891 gentium

105 917 350 958 orientalium
381 919 420 958 in
454 932 571 958 unam
596 918 798 958 notionem
825 917 1031 958 confluunt
1051 918 1198 959 umbra
1220 925 1257 958 et
1278 919 1495 959 tentorium
1516 920 1598 959 sive

106 1000 266 1055 domus,
307 1015 406 1057 quae
440 1001 600 1042 tutelam
633 1000 681 1041 ab
716 1009 825 1042 aestu
858 1002 1066 1042 ministrat.
1128 1001 1186 1042 Ita
1217 983 1366 1068 ΠῙΈΕὨ
1400 1009 1458 1042 est
1488 1001 1599 1042 locus

102 1085 315 1126 'zwnbrosus
336 1087 437 1125 sieut
469 1084 776 1126 tabernaculum
808 1100 857 1126 ee·
879 1083 1106 1141 frondibus
1125 1071 1325 1139 factum,
1348 1093 1385 1126 et
1406 1084 1595 1141 hospites,

104 1170 171 1224 qui
202 1168 397 1224 praesidio
433 1168 573 1210 domus
607 1168 752 1209 alienae
785 1176 973 1217 utuntur,
1017 1169 1201 1210 dicuntur
1233 1183 1316 1210 csse
1348 1169 1421 1210 sub
1452 1169 1599 1210 umbra

104 1234 245 1311 (1733)
278 1254 368 1293 teeti
392 1249 506 1306 (Gen.
529 1251 644 1301 XIX,
670 1249 727 1305 8).
778 1251 820 1293 Si
849 1254 969 1308 igitur
992 1251 1090 1293 duae
1112 1254 1265 1308 priores
1287 1252 1406 1293 Esavi
1429 1267 1597 1308 sponsae

102 1315 215 1376 Ada'
237 1337 319 1376 sive
351 1335 567 1389 Jelzuditlz,
611 1344 648 1377 et
682 1335 808 1377 Tssilla
849 1337 930 1376 sive
966 1334 1212 1378 Oltolibama
1243 1336 1457 1392 appellatae
1490 1345 1595 1386 sunt,

102 1418 318 1460 Lamechus
351 1419 431 1469 ille,
476 1421 543 1476 qui
575 1421 615 1461 in
648 1418 802 1461 duabus
843 1419 1081 1477 genealogiis
1114 1419 1260 1460 nullam
1293 1419 1422 1461 sedem
1454 1419 1597 1461 habere

101 1510 253 1558 potest,
286 1502 331 1544 fit
363 1503 487 1544 saltim
520 1503 651 1545 Esavo
685 1501 941 1559 ὁμοσπόρος,
976 1503 1036 1545 vel
1068 1503 1279 1545 earundem
1311 1519 1483 1545 uxorum
1515 1519 1597 1544 ma-

101 1587 213 1627 ritus.
278 1585 358 1628 Sed
388 1587 541 1628 Esavus
582 1587 714 1644 gladio
756 1602 829 1628 suo
863 1586 1041 1637 vivebat,
1085 1596 1123 1629 et
1153 1588 1370 1630 Lamechus
1409 1587 1483 1628 fuit
1512 1588 1597 1629 Me-

102 1669 349 1711 thushelachi
380 1670 495 1721 filius,
530 1671 591 1712 vel
619 1679 770 1727 panem
792 1670 932 1712 hahuit
953 1653 1206 1734 ΓἹῙἯΒἾΓὋΞ
1196 1688 1221 1712 1.
1247 1686 1278 1713 e.
1302 1673 1434 1713 virum
1455 1671 1596 1714 hastae

101 1754 124 1794 i.
158 1767 195 1810 q.
235 1753 415 1796 Martem
456 1755 686 1807 Quirinum.
751 1754 925 1805 Scilicet,
975 1755 1073 1797 illud
1111 1764 1212 1805 elat,
1262 1755 1479 1796 seeundum
1517 1756 1596 1796 He-

99 1835 309 1879 braeorum
352 1838 580 1889 dictionem,
623 1841 718 1880 satis
760 1847 895 1895 aptum
928 1853 1145 1896 cognomen
1177 1841 1251 1880 viri
1282 1839 1440 1880 militiae
1474 1839 1595 1881 dediti

101 1929 139 1962 ct
169 1921 281 1963 hasta
313 1937 385 1963 sua
406 1924 553 1964 vietum
586 1924 865 1979 quaeritantis3
898 1938 987 1964 nam
1021 1924 1076 1988 ῙΞ
1108 1937 1223 1979 saepe
1255 1923 1352 1963 nihil
1385 1923 1491 1965 aliud
1522 1932 1592 1973 est,

102 2018 217 2061 quam
250 2005 487 2047 vocabulum
527 2014 671 2047 notans
713 2006 911 2047 alumnum
953 2015 991 2048 et
1021 2005 1286 2063 professorem
1319 2006 1483 2062 alicujus
1515 2009 1595 2049 vir-

100 2089 209 2138 tutis,
243 2090 350 2138 vitii,
390 2091 496 2139 artis,
533 2097 570 2131 et
602 2104 701 2146 quae
734 2098 828 2131 sunt
859 2090 1010 2131 similia.
1072 2089 1129 2131 Ita
1160 2072 1329 2156 17ὟΓῙῚἸΞ
1361 2091 1386 2131 i.
1418 2106 1450 2132 e.
1475 2091 1595 2150 filius

100 2172 259 2213 roboris
290 2180 349 2213 est
380 2173 559 2214 bellator.
607 2173 658 2214 Et
680 2173 800 2232 filius
825 2172 1094 2215 viri-hastati
1125 2172 1310 2215 denotare
1342 2182 1476 2231 potest
1496 2174 1593 2216 Esa-

99 2269 192 2296 vum
224 2270 376 2312 semper
405 2255 613 2298 bellantem
646 2272 689 2298 ae
721 2256 984 2314 praedantem.
1045 2257 1269 2308 Praeterea,
1305 2260 1491 2315 quoniam
1524 2263 1592 2327 ξψ-

100 2338 249 2380 hastam
283 2339 461 2390 denotat,
496 2340 712 2382 Lamechus
745 2357 826 2383 non
857 2341 976 2383 modo
1009 2341 1113 2383 filius
1145 2341 1289 2383 hastati
1311 2342 1497 2398 appellari
1519 2357 1593 2398 po-

99 2424 195 2472 tuit,
229 2422 298 2464 sed
330 2425 442 2465 etiam
477 2428 544 2492 ΓΡ
568 2428 668 2469 27³&
700 2424 819 2467 homo
841 2424 982 2467 hastae
1016 2425 1075 2466 vel
1109 2429 1175 2492 3ss
1208 2426 1263 2493 ῘΞ
1287 2425 1407 2484 filius
1437 2424 1590 2479 hastae,

98 2505 202 2548 unde
233 2506 295 2547 ille
326 2506 436 2548 locus
469 2509 570 2549 inter
600 2517 782 2565 posteros
816 2509 952 2561 Qaini.
1005 2507 1158 2550 Nomen
1190 2488 1298 2577 717317
1331 2524 1380 2549 ex
1412 2508 1590 2550 Hebraeo

100 2603 276 2631 sermone
309 2591 494 2646 explicari
526 2607 607 2634 non
638 2601 782 2649 potest.
845 2592 1035 2634 Ewaldus
1070 2594 1123 2633 ait
1157 2589 1314 2645 (Gesch.
1351 2592 1416 2633 des
1441 2592 1591 2634 Volkes

98 2672 213 2713 Israel
234 2673 268 2723 I,
294 2671 417 2727 315):
452 2674 539 2716 »die
561 2675 728 2717 Wurzel
751 2658 871 2745 ‘¹7:2¹2
906 2679 946 2717 in
969 2676 1043 2718 den
1063 2675 1366 2732 gewo'hnliehen
1389 2675 1591 2733 Spraehen

100 2755 453 2812 ungebr'auchlich,
500 2758 602 2800 muss
643 2761 712 2800 mit
750 2747 829 2809 ῖρ,
870 2752 1004 2815 5:2ss,
1047 2763 1161 2826 Ἶᾩῃ
1194 2760 1588 2817 zusamnlenhangen,

100 2839 246 2880 welche
281 2840 352 2880 alle
384 2842 446 2881 ein
476 2840 678 2898 Ergreifen
711 2842 793 2884 und
825 2843 991 2884 Rauben
1023 2842 1311 2884 ausdrucken.«
1370 2844 1474 2885 Hace
1506 2852 1591 2900 ety-

100 2923 273 2980 mologia
305 2938 390 2964 cum
423 2923 553 2968 Esavo
587 2928 732 2982 optime
764 2935 1016 2984 congrueret,
1057 2934 1095 2967 et
1126 2926 1363 2970 satisfaceret
1393 2928 1590 2984 plerisque

1156 3009 1181 3030 Ι
