1867 3301
826 191 924 238 169

240 333 454 389 Praecepta
491 334 636 389 prioris
679 330 833 373 tabulae
872 331 1018 373 nullam
1061 330 1329 374 difficultatem
1361 346 1496 389 parere
1530 349 1625 390 pos-

125 426 228 459 sunt.
291 417 422 459 Prima
464 416 542 458 (luo
584 416 632 457 ad
664 415 837 457 Jehovae
881 416 1026 458 cultum
1069 416 1370 458 sustentandum
1411 420 1620 473 pertinent.

123 500 220 543 Nam
255 517 277 542 a
309 516 401 542 vero
435 500 518 542 Deo
553 499 764 541 desciscere
802 507 1022 555 potuerunt
1053 500 1248 542 Israelitae
1282 501 1342 542 vel
1375 515 1462 544 cum
1494 501 1623 543 idolo-

122 586 235 628 latria
268 586 327 627 vel
367 587 449 626 sine
489 583 725 625 idololatria.
788 583 1013 626 Potuerunt
1054 586 1167 625 etiam
1199 584 1411 635 Jehovarn,
1455 594 1494 627 et
1525 586 1622 628 alios

124 679 277 727 praeter
307 670 438 726 Ipsum
472 668 597 717 Deos,
642 670 830 709 venerari.
886 667 1018 724 Atque
1051 668 1127 710 hoc
1160 669 1316 725 quidem
1349 672 1476 726 primo
1510 685 1623 727 prae-

125 763 236 810 cepto
271 755 434 794 vetitum
476 761 552 802 cst,
595 751 663 794 ubi
697 735 875 820 ᾛῷἿῘἮ-Ῑ,
920 767 1059 794 coram
1089 767 1173 806 me,
1216 753 1264 794 ad
1305 755 1623 810 conjunctionem

123 840 205 880 veri
237 836 402 894 salsique
436 838 564 879 cultus
596 838 777 893 pertinet.
825 836 1053 877 Idololatria
1086 845 1213 878 autem
1246 837 1530 895 qualiscunque
1563 854 1623 880 se-

124 921 252 964 cundo
285 921 470 963 mandato
503 920 761 962 interdicitur.
810 921 853 961 In
884 922 1000 962 tertio
1033 929 1242 977 praecepto
1273 936 1386 962 nemo
1409 922 1622 966 Hebraicae

124 1006 279 1063 linguae
311 1006 445 1063 paullo
479 1007 644 1062 peritior
675 1006 714 1045 iu
747 1004 976 1046 tralatitium
1010 1019 1146 1046 eorum
1178 1020 1351 1048 errorem
1383 1006 1511 1058 cadet,
1555 1010 1622 1064 qui

124 1098 267 1147 putant
297 1090 398 1131 hanc
428 1090 551 1146 legem
586 1088 635 1130 ad
655 1087 783 1129 Jehov
775 1104 830 1130 ac
862 1104 1005 1130 nomen
1041 1098 1180 1131 te1nc1e
1213 1089 1408 1132 effutitum
1433 1101 1620 1148 spectare

123 1168 225 1216 Nam
255 1157 394 1241 87Ψῇ
426 1174 528 1215 idem
557 1173 659 1215 valet
693 1187 735 1214 ac
767 1155 1176 1243 7ΡΨ17ςοΕΕΧοι1
1200 1173 1296 1224 XX,
1329 1173 1379 1217 13
1408 1173 1520 1245 ’ἾΡΨ
1543 1181 1620 1226 w,

123 1258 240 1300 Dent.
258 1258 308 1308 V,
337 1256 385 1299 11
422 1255 526 1326 ΝἾΨ
559 1261 636 1302 *W
685 1194 838 1299 Nomen
870 1256 1044 1299 Jehovae
1077 1260 1115 1299 in
1142 1259 1309 1314 jurejur
1301 1258 1403 1300 indo
1437 1260 1622 1303 adhibere

123 1358 204 1385 non
236 1344 420 1392 vetitum]
456 1341 525 1383 sed
555 1356 615 1398 p1
607 1350 806 1399 receptum
841 1350 899 1383 est
929 1341 1112 1383 Islaelitis
1147 1342 1280 1395 (Deut.
1301 1343 1371 1393 VI,
1399 1341 1483 1397 13).
1531 1344 1623 1388 Rel-

122 1427 307 1484 ligionem
338 1428 460 1484 igitur
489 1426 706 1483 migrabat,
742 1428 966 1482 quicunque
998 1426 1112 1467 talem
1145 1429 1395 1468 sanctionem·
1417 1443 1622 1486 perperam

124 1510 316 1553 adhibuit.
380 1508 516 1566 Neque
550 1510 644 1551 hacc
675 1510 738 1552 lex
771 1525 920 1551 nonum
952 1519 1204 1567 praeceptum
1238 1513 1436 1567 anticipat.
1484 1513 1624 1556 Peccat

124 1598 225 1637 enim
258 1597 298 1636 in
319 1594 530 1644 Jehovarn,
564 1596 589 1635 i.
615 1609 645 1636 e.
679 1604 812 1636 contra
839 1595 1051 1651 pietatem,
1086 1596 1154 1652 qui
1176 1595 1249 1636 Dei
1279 1610 1422 1639 nomen
1454 1599 1495 1638 in
1517 1612 1623 1640 men-

125 1679 223 1721 dacii
255 1681 583 1721 asseverationem
615 1681 808 1722 enunciat.
857 1679 997 1720 Peccat
1018 1681 1059 1720 in
1080 1681 1253 1721 vicinum
1275 1694 1391 1722 suum
1423 1683 1447 1721 i.
1473 1696 1505 1724 c.
1530 1697 1623 1724 con-

122 1773 183 1806 tra
193 1765 413 1819 justitiam,
439 1766 507 1821 qui
529 1764 800 1821 qualecunque
823 1763 1066 1805 mendacium
1085 1763 1134 1805 ad
1152 1764 1311 1807 alterius
1330 1766 1622 1809 incommodum

122 1848 345 1906 protulerit.
411 1847 604 1902 Quartum
644 1857 682 1889 et
714 1850 893 1905 quintum
933 1856 1185 1905 praeceptum
1223 1848 1273 1889 ad
1306 1848 1434 1891 officia
1465 1852 1621 1907 pietatis

124 1933 274 1991 agenda
304 1934 514 1989 pertinent.
562 1932 755 1974 Jehovam
787 1935 952 1989 septimo
987 1946 1148 1989 quoque
1181 1932 1241 1974 die
1271 1933 1447 1984 adorari,
1481 1949 1622 1992 paren-

123 2026 181 2059 tes
212 2025 373 2059 nostros
405 2026 597 2073 perpetuo
630 2017 783 2059 honore
815 2025 853 2058 et
885 2016 1076 2073 obsequio
1100 2016 1254 2067 fovere,
1291 2032 1425 2059 omnes
1450 2028 1619 2076 oportet,

126 2104 193 2159 qui
224 2100 435 2159 probitatis
468 2101 622 2143 laudem
654 2109 692 2142 et
723 2102 895 2158 praemia
927 2100 1001 2142 sibi
1029 2100 1256 2158 deposcant.
1304 2101 1405 2143 Illud
1427 2105 1495 2159 qui
1517 2102 1618 2154 facit,

125 2188 157 2227 is
189 2185 419 2227 recordatur
452 2185 547 2236 diei,
583 2200 662 2243 quo
696 2184 849 2226 Jehova
880 2185 1073 2243 populum
1106 2200 1221 2226 suum
1255 2199 1304 2226 ex
1334 2185 1521 2243 Aegypto
1556 2188 1621 2229 de-

126 2270 258 2320 duxit,
301 2285 380 2327 quo
413 2270 528 2312 Jesus
568 2285 777 2328 resurgens
818 2269 868 2311 ad
908 2269 1112 2311 coelestem
1151 2270 1473 2327 tranquillitatem
1505 2271 1620 2314 nobis

126 2356 226 2396 viam
260 2357 434 2411 aperuit3
468 2356 544 2397 hoc
578 2357 645 2413 qui
677 2354 788 2405 facit,
822 2356 854 2396 is
877 2353 1109 2396 recordatur
1129 2354 1345 2396 naturalem
1368 2370 1478 2397 suam
1501 2358 1619 2398 vitani

123 2439 353 2498 parentibus
387 2442 469 2482 suis
503 2440 654 2490 deberi,
690 2448 727 2481 et
759 2441 826 2496 qui
851 2447 1030 2480 auctores
1057 2441 1155 2480 istos
1178 2440 1280 2480 vitae
1303 2454 1383 2480 non
1405 2449 1617 2491 reveretur,

125 2527 157 2566 is
189 2524 365 2581 profecto
399 2525 617 2582 longiorem
651 2523 896 2581 faustamque
930 2526 1049 2566 vitam
1080 2538 1161 2564 non
1192 2525 1355 2565 meritus
1390 2524 1459 2565 est.

245 2608 427 2666 Quinque
447 2608 756 2665 prohibitiones,
791 2623 890 2665 quae
913 2609 1072 2649 alteram
1093 2606 1265 2649 tabulam
1291 2608 1498 2664 complent,
1533 2624 1620 2651 cum

125 2692 267 2749 triplici
306 2692 635 2749 baptizandorum
680 2692 1020 2734 abrenuntiatione
1064 2694 1205 2734 mirum
1245 2695 1284 2734 in
1324 2692 1487 2735 modum
1528 2709 1620 2735 con-

127 2779 273 2818 cinunt.
313 2776 419 2817 lllam
452 2776 838 2818 abrenunciationem
870 2793 891 2818 a
923 2779 1132 2833 primitivis
1166 2791 1291 2834 usque
1314 2777 1558 2835 temporibus
1581 2781 1619 2820 in

125 2860 297 2902 Ecclesia
336 2869 566 2917 usurpatam
605 2876 706 2912 esse,
750 2870 787 2902 et
818 2861 916 2902 nihil
949 2860 1054 2901 aliud
1087 2860 1207 2902 fuisse
1240 2876 1356 2918 quam
1389 2862 1486 2903 illud
1518 2871 1619 2904 συν-

127 2943 325 2999 ειδήσεως
356 2941 528 2999 ἀγαθῆς
560 2943 809 3000 ἐπερώτημα
842 2945 900 2994 εἷς
931 2941 1056 2994 θεὸν,
1091 2945 1200 3003 quod
1221 2961 1359 2989 verum
1390 2955 1506 3003 atque
1537 2945 1619 2988 effi-
