1867 3301
842 205 936 252 107

141 346 383 388 meridionali
404 347 646 388 Palaestinae
678 345 857 402 partibus
892 342 1020 398 (Josh.
1045 345 1152 395 XIV,
1177 344 1203 387 6
1226 343 1293 399 al.)
1327 355 1365 386 et
1396 348 1435 386 in
1458 348 1635 387 confiniis

140 431 342 472 idumaeae
376 429 587 485 degebant,
624 429 828 471 Semiticac
863 430 1028 471 liuniliae
1064 429 1380 471 adnumerandos
1413 445 1508 471 esse.

257 515 343 555 ,lam
378 529 467 555 vero
503 512 621 554 verba
661 516 746 569 ipsa
781 515 1058 569 inspiciamus,
1102 528 1201 570 quae
1234 513 1371 555 Habeli
1405 514 1634 556 sacrificium

140 597 367 640 describunt
399 594 512 650 (Gen.
537 596 603 646 IV,
629 596 653 638 3
677 595 802 653 sqq),
845 611 982 653 nempe
1022 597 1150 638 locum
1182 598 1290 638 illum
1323 599 1632 647 vexatissimum,

140 696 320 738 »quem«,
355 690 400 722 ut
425 682 514 737 jure
547 682 780 737 pronuntiat
813 679 1111 730 Schumannus,
1153 696 1332 723 »crucem
1363 683 1632 738 interpretum,

138 767 355 821 antiquitus
396 773 433 806 et
471 773 740 806 conservatam
782 773 820 806 et
858 773 1137 821 propagatam,
1178 765 1285 806 haud
1319 767 1447 821 inepte
1480 765 1632 816 dieas«3

137 851 175 890 in
209 864 287 906 qno
321 857 449 889 tamen
480 848 774 905 interpretando
809 850 902 889 satis
936 847 1089 889 habebo
1125 864 1314 890 summam
1347 849 1632 891 dissertationis

138 933 221 988 ejus
263 935 441 983 recitare,
484 947 600 989 quam
640 931 783 973 abhinc
820 932 1121 989 quadriennium
1153 935 1193 974 in
1226 932 1435 975 Sacrarum
1467 933 1633 975 Littera-

106 1014 111 1022 '
137 1031 222 1057 rum
253 1016 489 1073 Repertorio
522 1016 669 1072 publici
696 1017 798 1071 juris
832 1015 903 1057 feci
925 1012 964 1069 ¹).

256 1101 470 1157 Praecipua
511 1100 629 1157 liujus
669 1100 743 1141 loci
783 1099 989 1141 difficultas
1023 1102 1062 1141 in
1094 1115 1212 1142 versu
1242 1099 1282 1142 7.
1314 1103 1520 1158 reperitur,
1565 1104 1631 1158 qui

136 1185 191 1224 sic
223 1184 364 1241 legitur
395 1184 435 1223 in
467 1191 581 1224 textu
611 1183 902 1225 Masmethico:

748 1264 871 1327 nagia>
903 1269 1156 1329 :inin-nze
1188 1250 1320 1326 &ibn

427 1344 532 1416 ran
564 1353 720 1418 nmen
754 1331 899 1411 nnn&
931 1356 1086 1412 :mir-i
1118 1335 1192 1397 ΝΒ
1226 1354 1321 1411 nse·

499 1429 578 1480 i:—
560 1404 742 1504 -Ηῳγρῃ
774 1413 909 1503 nna]
941 1430 1142 1504 inpiam
1174 1405 1319 1504 ηὴξεξ

252 1519 361 1559 Hanc
400 1519 603 1560 lectionem
637 1518 698 1559 vel
736 1520 907 1575 antiquis
947 1456 1192 1574 tenliporibus
1230 1534 1312 1560 non
1342 1518 1455 1560 valde
1488 1528 1629 1561 certam

135 1602 251 1644 fuisse
285 1611 323 1643 et
354 1602 455 1643 lectu
487 1602 656 1652 facilem,
701 1602 916 1644 ostendunt
946 1602 1060 1645 LXX
1091 1604 1344 1659 interpretes,
1380 1604 1448 1660 qui
1480 1605 1630 1645 ve1sio-

131 1701 219 1727 nem
259 1702 279 1726 a
311 1686 578 1727 Masorethico
617 1695 731 1728 textu
763 1687 876 1729 valde
916 1686 1200 1743 discrepantem
1242 1687 1511 1743 protulerunt:
1553 1684 1630 1728 οὐκ

133 1766 210 1810 ἕοὶν
242 1766 387 1824 ὀρθῶς
419 1754 710 1829 προσενέγκῃξ,
745 1765 894 1824 ὅρθῶς
927 1769 975 1811 δὲ
1005 1767 1062 1825 μὴ
1097 1769 1256 1829 διέλῃς,
1290 1769 1493 1827 ἥμαρτες-ς
1525 1768 1630 1827 ἡσύ-

130 1863 284 1905 χασον·
330 1849 437 1909 πρὸς
475 1855 518 1894 σὲ
560 1851 584 1909 ἢ
625 1848 880 1910 ᾰποστροφή
923 1851 1076 1905 αὐτοῦ,
1117 1857 1189 1895 καὶ
1222 1850 1272 1895 σὺ
1306 1853 1449 1910 ἄρξεις
1481 1851 1628 1897 αὐτοῦ.

132 1936 242 1978 Unde
272 1936 520 1978 manifestum
553 1946 612 1979 est
644 1952 710 1979 eos
743 1939 882 1995 legisse
915 1920 1076 2005 an'Hl't
1108 1953 1180 1994 pro
1207 1935 1342 1998 ΠΝΨ,
1378 1922 1544 1985 fflnffll't
1567 1939 1627 1980 vel

131 2004 269 2080 rin-3²7
301 2035 373 2075 pro
408 2004 574 2080 finally,
617 2023 890 2077 imperativum
922 2013 1030 2090 ’(ξᾏἼ
1070 2036 1144 2077 pro
1177 2023 1386 2078 participio
1419 2016 1544 2088 ’(ΞἼ,
1589 2031 1627 2064 et

130 2083 298 2145 scitasse
338 2081 563 2147 confudisse
603 2100 806 2173 inprimit]
846 2120 933 2147 cum
966 2108 1167 2173 ἾΠᾉἾΌΠ.
1230 2106 1287 2146 lta
1321 2105 1431 2162 quod
1470 2108 1509 2148 in
1550 2106 1627 2148 hoc

232 2296 255 2335 ¹)
288 2291 431 2327 Journal
468 2291 506 2326 of
535 2291 658 2327 Sacred
692 2292 882 2328 Literature
918 2291 1019 2328 1849.
1052 2305 1108 2328 no.
1127 2292 1206 2328 VII.
1240 2305 1294 2340 pp.
1316 2292 1383 2328 124
1406 2306 1481 2340 sqq.
1531 2295 1626 2330 Hanc

131 2357 402 2392 dissertationem
429 2370 498 2392 non
526 2358 727 2405 dedignatus
755 2365 807 2394 est
824 2359 886 2394 sub
907 2371 1046 2394 examen
1065 2371 1185 2395 vocare
1205 2359 1425 2395 doctissimus
1445 2360 1501 2395 ille
1519 2361 1625 2396 idem-

130 2436 193 2470 que
220 2435 336 2469 parum
363 2424 427 2458 sibi
455 2423 613 2459 diffidens
631 2418 876 2459 Hebraicarum
896 2425 1085 2460 litterarum
1105 2427 1291 2472 expositor,
1320 2427 1487 2461 Henricus
1505 2426 1625 2461 Ewald

128 2489 359 2532 (Jahrbiicher
394 2489 424 2523 d.
450 2489 538 2524 Bibl.
565 2490 804 2525 wissenschaft
838 2489 1049 2526 1850—51.
1084 2504 1115 2537 p.
1141 2490 1252 2536 205),
1288 2492 1346 2537 qui
1380 2503 1484 2537 quum
1517 2504 1623 2527 meam

129 2556 444 2589 commentationem
472 2556 553 2589 satis
581 2556 725 2602 superbe
750 2557 1021 2592 commendasset
1047 2563 1203 2603 tanquam
1230 2558 1351 2591 »einen
1369 2557 1514 2600 Aufsaz,
1543 2558 1624 2593 wel-

130 2619 206 2654 cher
239 2619 292 2654 fiir
325 2620 388 2654 den
416 2621 565 2655 Zustand
601 2621 659 2656 der
682 2622 939 2657 VVissenschaft
964 2624 1008 2657 im
1030 2623 1181 2668 jetzigen
1208 2621 1364 2669 England
1391 2623 1542 2657 wirklieh
1571 2625 1623 2659 ein

128 2685 257 2720 ku'hner
272 2685 427 2720 Versuch
452 2698 494 2720 zu
513 2698 645 2721 nennen
664 2689 725 2730 ist,
753 2689 785 2722 in
812 2689 945 2735 grol'ser
963 2688 1167 2723 Dunkelheit
1185 2688 1255 2722 sich
1275 2687 1372 2722 Licht
1390 2700 1431 2722 zu
1451 2689 1623 2732 macheu«,

129 2762 198 2785 eam
226 2752 551 2796 interpretationem,
587 2765 686 2798 quam
715 2756 897 2800 proposui,
933 2754 1076 2796 idcirco,
1104 2759 1141 2788 nt
1166 2754 1318 2796 videtur,
1345 2754 1516 2800 repudiat,
1545 2757 1623 2802 quia

128 2818 198 2862 ipse
220 2816 402 2861 aliquando
423 2816 520 2851 aliam
541 2818 810 2865 qualemcunque
831 2820 983 2854 editurus
1007 2825 1067 2854 est.
1109 2819 1275 2865 Equidem
1296 2831 1400 2854 meam
1422 2822 1622 2855 sententiam

127 2882 336 2916 verissimam
366 2880 545 2926 judicabo,
580 2883 686 2918 donec
713 2885 879 2920 Henricus
905 2884 1024 2920 Ewald
1053 2885 1217 2920 veriorem
1249 2887 1502 2933 excogitaverit.
1554 2886 1622 2921 Sed

125 2945 201 2990 ille,
227 2953 264 2981 ut
291 2947 422 2993 opinor,
448 2947 576 2983 frustra
602 2949 748 2987 sudabit.
