1867 3301
962 230 1025 276 16

246 368 348 410 duos
380 382 514 411 caecos
547 368 597 410 ad
627 370 729 409 viam
762 369 939 411 sedentes
970 369 1147 426 depingit
1179 368 1293 422 (XX,
1319 368 1414 424 29),
1448 378 1486 411 et
1509 371 1590 426 jam
1622 379 1735 412 antea

246 448 335 504 (IX,
361 449 447 505 27),
481 454 592 509 quasi
615 452 773 494 eandem
797 467 877 494 rem
899 467 1082 502 narrans,
1116 452 1231 494 binos
1253 455 1372 495 mirae
1395 454 1497 495 illius
1521 456 1734 496 sanationis

243 537 453 591 participes
488 534 639 577 fecerat.
692 535 796 589 Quid
818 536 1005 593 quaeris?
1039 535 1270 579 Consimiles
1294 537 1510 579 litterarum
1533 537 1673 578 ductus
1695 538 1735 577 in

244 617 451 659 Aramaico
484 619 673 660 Matthaei
712 628 825 661 textu
862 620 920 662 vel
964 622 1192 661 caecutienti
1223 620 1283 661 vel
1321 621 1501 677 imperito
1535 621 1737 676 interpreti

246 701 308 741 hic
341 709 378 742 et
409 701 500 742 alibi
527 701 703 743 fraudem
729 702 918 745 fecerant:
953 718 1073 760 quum
1096 705 1196 745 enim
1219 703 1279 745 vel
1301 706 1390 762 Ἶῌ,
1423 719 1541 757 Ίιφηιε,
1575 703 1735 760 aliquis,

246 784 436 841 quidam,
467 785 528 825 vel
558 788 681 852 ῘἾᾙΓΤῚ,
715 787 808 840 iste,
841 787 1017 843 legisset,
1052 786 1093 827 id
1124 788 1350 842 permiscuit
1382 802 1468 828 cum
1500 792 1608 852 {fin
1641 786 1735 838 duo,

246 882 290 909 ac
330 867 496 924 proinde
536 877 658 909 totam
698 872 960 911 narrationem
995 872 1158 911 vitiavit.
1224 870 1357 911 Talem
1392 885 1561 912 errorem
1595 884 1613 910 e
1646 869 1736 910 cha-

245 960 437 992 racterum
486 949 611 992 forma
660 954 752 993 oriri
801 955 979 1009 potuisse
1027 953 1270 994 demonstrat
1314 952 1492 994 confusio
1534 954 1737 994 nominum

251 1034 533 1090 Γαδαρηνῶν,
578 1036 847 1091 Γερασηνῶν,
890 1035 1157 1091 Γεργεσηνῶν
1196 1038 1236 1076 in
1275 1036 1413 1078 eodem
1457 1036 1544 1077 loco
1588 1043 1736 1076 notata.

248 1117 435 1159 Hebraico
468 1120 657 1175 scriptum
694 1134 837 1160 nomen
868 1123 975 1169 ἾἾ3,
1019 1117 1214 1173 Γάδαρα,
1255 1119 1364 1175 quod
1396 1118 1581 1160 celebrem
1615 1132 1738 1175 quan-

249 1200 336 1241 dam
375 1200 512 1242 urbem
553 1201 749 1259 designat,
790 1202 1088 1258 permutabatur
1126 1217 1212 1243 cum
1245 1205 1362 1252 ΌἾ3,
1408 1203 1592 1258 Γέρασα,
1630 1201 1739 1258 quod

249 1284 399 1324 nullum
422 1286 461 1325 in
484 1286 625 1325 vicinio
650 1285 755 1326 lacus
780 1285 1000 1327 Tiberiadis
1025 1285 1214 1342 oppidum
1237 1285 1440 1341 significat.
1474 1284 1602 1341 Magis
1625 1286 1739 1325 etiam

249 1369 370 1408 mirus
394 1375 432 1408 ct
452 1369 717 1424 incompertus
741 1377 799 1410 est
820 1371 892 1410 iste
916 1383 1026 1410 error
1047 1370 1215 1409 nominis
1239 1371 1277 1409 in
1298 1367 1537 1417 Marc.VIlI,
1569 1366 1640 1416 10,
1670 1366 1740 1407 ubi

249 1450 434 1507 legimus:
467 1447 606 1505 ἦλθεν
638 1450 696 1500 εἷς
726 1447 776 1491 τοὶ
811 1452 915 1506 μέρη
937 1449 1255 1505 Δαλμανουθά,
1288 1466 1361 1506 pro
1388 1466 1433 1492 eo
1461 1450 1571 1508 quod
1594 1451 1740 1506 reperi-

249 1548 336 1575 mus
377 1535 416 1574 in
457 1534 642 1590 parallelo
683 1534 873 1575 Matthaei
914 1534 1000 1575 loco
1033 1534 1123 1584 XV,
1153 1533 1227 1576 39:
1274 1531 1414 1590 ἦλθεν
1453 1533 1511 1582 εἷς
1549 1529 1602 1575 τὰ
1644 1531 1740 1589 ὅρια

251 1615 488 1668 Μαγδαλά.
549 1617 606 1658 Ibi
639 1619 739 1658 enim
771 1617 866 1658 urbs
900 1617 1090 1673 quaedam
1121 1620 1271 1659 munita
1303 1618 1544 1676 significatur
1576 1620 1636 1658 cui
1668 1631 1740 1658 no-

251 1715 339 1742 men
378 1700 452 1741 suit
490 1683 734 1762 ’ἢκ-ίΤ-ἹᾙΞ
775 1702 898 1742 turris
928 1701 1023 1743 Dei.
1086 1700 1234 1742 Nullibi
1275 1709 1404 1742 autem
1440 1702 1584 1742 mentio
1618 1699 1662 1740 fit
1693 1698 1740 1739 de

250 1785 514 1826 Dalmanutha
546 1784 621 1824 illa,
688 1783 833 1837 Quidni
866 1786 1108 1840 suspicemur
1139 1783 1258 1824 Δαλ-
1288 1784 1395 1825 istud
1426 1784 1626 1826 residuum
1659 1797 1740 1824 esse

253 1870 333 1909 veri
355 1870 523 1909 nominis
547 1865 771 1918 ,Μαγδαλά
801 1868 880 1908 seil.
906 1851 1173 1929 bke-53:272,
1208 1866 1415 1922 μανουθά
1437 1875 1565 1907 autem
1587 1880 1741 1922 reprac-

253 1959 404 1993 sentare
435 1951 624 2007 pluralem
647 1952 754 1992 vocis
786 1954 885 2018 ³3²?
911 1967 1035 2007 para,
1062 1933 1222 2007 portio,
1258 1965 1373 2007 quam
1404 1952 1443 1990 in
1467 1949 1613 1991 Graeco
1636 1950 1740 2004 μέρη

254 2049 481 2076 conversam
520 2033 739 2074 habemus?
784 2034 841 2074 Ita
882 2043 1013 2075 textus
1054 2035 1114 2076 illc
1146 2034 1319 2091 vulgaris
1361 2033 1551 2088 duplicem
1584 2031 1743 2073 exhibet

256 2117 480 2166 lectionem,
508 2125 714 2174 utramque
738 2117 912 2158 mutilam
942 2143 987 2148 -—
1015 2115 1067 2158 τα
1089 2119 1193 2173 μέρη
1216 2115 1560 2170 Λαλ-μανουθά,
1591 2117 1615 2155 i.
1635 2129 1667 2156 e.
1689 2110 1741 2155 τοὶ

254 2201 358 2254 μέρη
388 2198 614 2252 Mardache
638 2216 688 2235 z
712 2197 921 2254 μανουθοὶ
953 2200 1155 2254 μαγδαλά
1180 2216 1230 2234 =
1259 2183 1539 2260 178·1Ἲῄ373ζ1
1564 2193 1686 2265 nim?
1701 2193 1740 2250 ¹).

257 2281 443 2324 Similiter
474 2284 513 2323 in
546 2282 681 2324 eodem
712 2283 927 2339 Evangelio
961 2283 1145 2325 scribitur
1177 2281 1243 2336 (X,
1264 2281 1338 2336 46)
1373 2280 1394 2323 ὃ
1426 2262 1516 2331 υἷός
1549 2283 1742 2335 Τιμαίου,

255 2367 540 2420 Βαρτίμαιος,
571 2365 640 2406 ubi
675 2365 820 2407 Graeca
852 2367 1121 2421 interpretatio
1154 2365 1361 2422 praecedit.

376 2448 455 2490 Sed
477 2447 579 2489 Novi
603 2448 788 2489 Focderis
823 2450 950 2489 critice
983 2457 1098 2505 atque
1130 2449 1413 2490 hermeneuticc
1445 2447 1542 2489 nihil
1574 2446 1622 2487 ad
1654 2461 1739 2497 nos,

258 2540 326 2574 aut
357 2533 389 2573 si
422 2531 471 2572 ad
502 2546 595 2581 nos,
630 2531 727 2572 nihil
759 2531 934 2572 adhunc
956 2531 1096 2572 locum.
1145 2531 1224 2572 Res
1247 2531 1423 2588 postulat
1444 2539 1489 2572 ut
1510 2529 1555 2570 de
1579 2532 1742 2571 vetustis

257 2615 498 2656 Judaeorum
537 2614 645 2656 libris
686 2614 830 2665 dica1n3
872 2623 909 2655 ct
949 2629 1047 2671 quae
1079 2614 1206 2655 adhuc
1239 2614 1285 2655 de
1316 2622 1452 2654 nostro
1487 2627 1632 2654 canone
1665 2613 1743 2654 dis-

259 2700 361 2739 serui
402 2713 484 2739 cam
524 2700 602 2739 vim
642 2697 787 2739 habent
824 2706 869 2738 ut
910 2700 1021 2754 quasi
1062 2705 1354 2754 argumentum,
1401 2696 1510 2753 quod
1548 2698 1676 2746 aiunt,
1718 2710 1744 2737 a

250 2779 424 2837 fortiori
455 2780 652 2837 effingant.
700 2779 799 2822 Nam
831 2783 863 2821 si
895 2782 934 2822 in
967 2782 1061 2836 ipsis
1080 2780 1301 2837 Evangeliis
1335 2781 1447 2836 quasi
1478 2794 1548 2836 per
1567 2788 1744 2821 transen-

362 2956 386 2999 ¹)
418 2954 508 2989 Fieri
533 2960 646 3000 potest
671 2960 709 2990 ut
731 2953 900 3001 μανουθιὶ
926 2955 1090 3001 exprimat
1114 2953 1256 2990 formam
1284 2953 1452 2990 definitam
1478 2941 1658 2995 uam.
