1867 3301
946 174 1109 246 194—

247 328 363 371 grege
397 315 712 370 compescuerim.
761 312 863 355 Fieri
894 321 1047 368 potest,
1081 312 1218 362 fateor,
1253 312 1321 354 sed
1355 327 1495 370 parum
1518 313 1616 355 illud
1637 315 1738 355 veri-

249 397 371 438 simile
403 396 516 438 soret.
564 396 662 438 Nam
695 398 726 437 si
761 396 897 438 codem
927 404 1103 452 tempore
1137 405 1174 437 et
1194 396 1434 438 ,Jasharanus
1458 395 1554 439 liber
1585 405 1623 438 et
1643 397 1737 439 haec

247 479 466 521 benedictio
508 482 547 521 in
587 480 787 536 publicum
826 478 1060 535 prodibant,
1104 488 1141 521 et
1181 482 1213 521 si
1253 481 1314 521 ille
1352 479 1448 521 liber
1487 495 1508 520 a
1540 479 1736 536 probitate

247 572 285 604 et
314 563 429 604 beata
460 572 564 604 sorte
595 563 856 604 Israelitarum
889 578 1031 604 nomen
1063 578 1178 604 suum
1210 565 1351 620 partim
1385 563 1570 613 deduxit,
1605 565 1737 605 certis·

248 648 386 687 simum
421 655 496 697 est,
532 649 687 702 opinor,
720 647 870 687 Israelis
904 648 1027 703 ipsius
1051 655 1144 688 vota
1175 662 1255 688 non
1280 647 1355 688 alio
1384 647 1546 688 consilio
1569 648 1609 688 in
1631 648 1737 703 cogi-

249 732 434 771 tationem
468 738 505 770 et
536 732 789 785 scriptionem
821 732 991 780 venisse,
1027 745 1143 786 quam
1168 739 1212 789 ut
1234 732 1272 771 111
1295 746 1338 771 ea
1361 730 1586 771 collectione
1607 729 1736 771 locum

248 812 488 863 obtinerent,
530 813 579 853 ad
617 813 965 854 demonstrandum
998 814 1141 854 scilicet
1173 828 1291 869 quare
1323 829 1404 854 non
1437 828 1570 855 omnes
1603 814 1735 869 stirpis

245 897 475 938 lsraeliticae
517 895 642 938 tribus
683 905 825 938 terram
858 896 994 952 probis
1026 898 1260 952 promissam
1293 911 1418 953 aequo
1447 897 1536 952 jure
1569 910 1736 952 occupa-

246 989 352 1030 rent,
393 995 512 1036 quare
545 988 673 1021 autem
706 980 829 1021 Judae
863 988 900 1020 et
931 979 1094 1035 Josephi
1126 980 1214 1029 filii,
1248 979 1302 1020 illi
1334 994 1518 1036 regnum,
1552 979 1593 1020 hi
1623 993 1736 1036 prae-

247 1066 400 1120 cipuam
432 1072 557 1105 terrae
589 1065 702 1104 istius
724 1071 874 1119 partein
898 1062 972 1103 sibi
994 1063 1270 1105 vindicassent.
1313 1062 1356 1104 Si
1377 1062 1474 1104 liber
1494 1062 1735 1104 Jasharanus

245 1148 333 1188 talis
367 1146 459 1197 suit,
495 1147 647 1203 qualem
680 1160 767 1187 eum
800 1145 920 1187 fuisse
953 1148 1148 1196 existimo,
1183 1146 1332 1202 absque
1364 1146 1440 1187 hoc
1471 1145 1734 1187 additamento

246 1230 367 1280 soret,
413 1238 457 1271 ut
486 1245 644 1271 mancus
677 1229 970 1286 quodammodo
1004 1238 1041 1271 et
1071 1229 1319 1286 imperfectus
1349 1229 1399 1270 ad
1429 1237 1609 1271 nostrum
1639 1237 1735 1270 tem-

245 1330 321 1370 pus
374 1314 627 1355 descenderit.
697 1312 740 1355 Si
789 1313 886 1354 liber
926 1313 1167 1354 Jasharanus
1208 1328 1252 1354 00
1293 1321 1468 1369 tempore
1509 1320 1734 1369 compactus

245 1398 338 1447 fuit,
375 1412 453 1454 quo
487 1413 574 1440 eum
606 1399 645 1438 in
678 1412 800 1438 unum
833 1412 976 1454 corpus
1010 1396 1220 1438 conflatum
1252 1396 1373 1438 fuisse
1405 1395 1587 1445 arbitror,
1618 1394 1736 1436 bene-

246 1481 364 1523 dictio
398 1489 526 1522 autem
558 1480 747 1521 Jacobina
780 1481 840 1521 vel
873 1495 917 1521 eo
950 1488 1125 1536 tempore
1157 1480 1218 1521 vel
1251 1488 1338 1520 ante
1370 1479 1411 1520 id
1442 1488 1596 1536 tempus
1629 1493 1735 1520 com-

243 1567 375 1621 posita
407 1573 485 1614 est,
520 1572 693 1613 constat,
728 1565 760 1604 si
793 1563 889 1620 quid
919 1566 960 1604 in
991 1564 1067 1604 hoc
1098 1578 1238 1619 genere
1261 1571 1440 1604 constare
1461 1570 1611 1618 potest,
1646 1576 1735 1603 can-

244 1649 400 1689 tilenam
441 1656 618 1689 nostram
652 1647 717 1687 tali
750 1647 968 1688 collectioni
1001 1647 1062 1688 vel
1094 1648 1277 1688 insertam
1311 1661 1414 1696 esse,
1458 1646 1519 1686 vel
1551 1647 1734 1702 scriptam

245 1747 327 1773 esse
361 1731 566 1773 dumtaxat
597 1739 642 1772 ut
674 1730 796 1772 eidem
829 1733 1076 1772 insereretur.

543 1873 566 1927 ἓ
593 1872 628 1915 1.
668 1872 719 1916 In
749 1872 865 1915 Leae
887 1873 1004 1932 filios
1035 1879 1227 1929 quattuor
1255 1874 1443 1927 majores.

363 1981 421 2023 De
453 1996 638 2022 versuum
673 1979 711 2030 3,
735 1980 764 2022 4
795 1979 1062 2021 emendatione
1096 1988 1134 2020 et
1163 1980 1483 2035 interpretatione
1508 1978 1591 2034 jam
1621 1985 1734 2019 antea

245 2066 411 2107 disserui
445 2062 557 2118 (Pars
578 2064 629 2114 II,
655 2079 694 2120 p.
718 2060 831 2116 109).
879 2064 920 2104 In
944 2064 1080 2104 ultima
1100 2077 1238 2104 versus
1261 2064 1390 2119 quarti
1412 2061 1585 2103 clausula
1605 2061 1733 2117 paral-

242 2149 415 2190 lelismus
455 2148 607 2205 flagitat
644 2155 690 2189 ut
727 2162 800 2203 pro
841 2129 945 2214 Πιῖξ
985 2161 1221 2203 reponamus
1263 2146 1323 2187 vel
1361 2140 1471 2204 ΠἾῌ
1511 2144 1572 2186 vel
1612 2127 1730 2190 Hl'ffl.

241 2231 378 2288 Neque
412 2233 511 2272 enim
545 2231 635 2272 serri
667 2238 799 2286 potest
830 2231 1009 2271 transitio
1043 2230 1107 2270 illa
1139 2232 1179 2271 in
1210 2228 1337 2270 medio
1360 2243 1478 2270 versu
1510 2243 1533 2268 a
1563 2226 1732 2269 secunda

244 2315 296 2356 ad
323 2317 476 2356 tertiam
508 2328 728 2370 personam.
777 2313 844 2354 Ad
873 2328 952 2354 rem
987 2315 1111 2368 ipsam
1145 2312 1254 2369 quod
1285 2314 1442 2361 attinet,
1476 2320 1593 2368 poeta
1615 2310 1732 2353 Solo-

241 2413 418 2448 moneus,
453 2405 546 2453 post
578 2405 759 2437 eventum
793 2395 977 2445 scribens,
1011 2396 1204 2451 explicare
1226 2395 1372 2444 voluit,
1408 2408 1526 2450 quare
1557 2393 1732 2435 tribuum

240 2481 499 2523 Israelitidum
530 2489 609 2522 tres
642 2480 748 2529 illae,
794 2493 893 2535 quae
925 2480 965 2519 in
996 2486 1124 2518 vetere
1157 2477 1366 2519 traditione
1398 2491 1535 2533 agmen
1566 2475 1730 2518 fratrum

244 2564 454 2613 ducebant,
489 2572 635 2605 sortem
667 2565 796 2604 minus
828 2576 1057 2619 prosperam
1089 2564 1129 2601 in
1164 2570 1263 2602 terra
1295 2562 1401 2617 genti
1431 2562 1626 2616 promissa
1659 2558 1731 2600 ob-

242 2650 419 2689 tinerent.
477 2647 575 2688 Nam
605 2646 764 2696 Ruben,
801 2661 914 2702 quem
946 2647 1156 2686 maximum
1188 2652 1283 2685 natu
1312 2643 1588 2700 perhibebant,
1622 2651 1729 2684 trans

242 2731 460 2773 Jordanuin
500 2746 607 2772 more
649 2730 854 2771 noinadico
887 2728 1115 2770 morabatur
1147 2725 1254 2780 (Jos.
1277 2727 1390 2768 XXII
1411 2724 1491 2779 al.).
1556 2725 1727 2774 Simeon,

242 2816 310 2870 qui
348 2816 542 2870 principio
584 2814 736 2869 aliquot
773 2812 888 2854 urbes
932 2814 971 2852 in
1012 2811 1158 2852 ditione
1199 2810 1322 2852 dudae
1365 2808 1582 2865 occupabat
1620 2806 1726 2861 (JOS.

239 2896 355 2947 XIX,
381 2895 452 2951 3),
492 2905 632 2952 postea
674 2898 711 2937 in
744 2896 965 2938 Idumaeam
1004 2893 1198 2951 migrabat
1238 2902 1354 2950 atque
1391 2892 1447 2934 ibi
1483 2892 1728 2949 pastoritiam
