1867 3301
797 195 988 267 2012„

445 330 586 367 Jehova
610 334 662 365 est
687 329 838 377 clypeus
859 333 996 372 noster,

445 400 588 437 Numen
610 400 854 436 Israelitarum
879 406 931 434 est
954 410 1020 434 rex
1042 405 1177 435 noster.

447 472 538 509 Olim
563 473 600 507 in
622 473 762 508 visione
786 470 908 507 clienti
931 477 993 506 tuo
1017 471 1161 506 locutus
1186 482 1240 506 es:

445 543 659 580 »Auxilium
683 544 839 592 imposui
862 543 939 577 viro
963 541 1175 587 fortissimo,

441 616 636 652 Hominem
661 628 678 651 e
699 615 836 664 populo
860 614 1015 649 electum
1039 614 1206 650 exaltavi.

442 689 569 724 Inveni
589 686 766 723 Davidem
790 686 967 741 cultorem
988 697 1122 730 meum,

446 759 584 797 Sancto
608 759 687 795 oleo
709 758 839 794 Inunxi
862 770 975 794 cunr«

100 841 147 883 cf.
181 841 323 883 Psalm.
346 839 528 889 XXXIII,
554 839 629 881 20:
663 839 880 880 »Jehovam
921 846 1124 894 exspectat
1154 839 1306 878 animus
1338 846 1493 888 noster3
1534 838 1595 880 illc

100 928 199 967 enim
241 924 357 967 nobis
399 924 590 965 auxilium
633 932 691 964 est
729 931 767 964 et
806 923 1002 979 clypeum
1068 920 1198 975 Quum
1230 921 1395 962 Danitae
1427 923 1493 962 vix
1529 930 1597 963 aut

100 1024 146 1050 ue
190 1011 258 1050 vix
306 1009 462 1066 quidem
510 1010 611 1048 inter
657 1006 784 1048 tribus
830 1005 1064 1048 Israelitidas
1111 1013 1427 1054 recenserentur,
1476 1004 1597 1046 verba

98 1095 240 1151 ''mr-23
280 1094 410 1149 possis
450 1090 612 1133 reddere
645 1099 857 1147 »tanquam
890 1091 922 1131 si
955 1098 1057 1131 esset
1087 1104 1166 1130 una
1197 1087 1373 1139 tribus«,
1407 1097 1595 1146 tanquam

100 1178 131 1217 si
163 1155 289 1232 aequo
314 1190 400 1217 cum
427 1176 562 1216 ceteris
580 1175 669 1229 jure
693 1188 736 1214 ac
756 1175 934 1230 potentia
956 1181 1069 1214 esset.
1116 1171 1195 1214 Sed
1216 1180 1402 1228 praestat,
1438 1175 1592 1229 opinor,

98 1262 226 1320 '‘1025,
274 1259 338 1300 hic
384 1259 470 1300 loco
523 1257 709 1299 ordinalis
756 1259 908 1299 numeri
955 1252 1111 1322 352981
1156 1258 1333 1318 p‘ositum
1381 1256 1595 1314 intelligere

99 1341 162 1396 (cf.
187 1321 284 1384 Gen.
306 1342 340 1392 I,
366 1340 404 1383 5.
438 1341 568 1383 Exod.
591 1341 682 1390 XII,
712 1338 795 1394 18).
858 1341 914 1382 Ita
946 1340 1106 1382 eandem
1143 1342 1345 1382 notionem
1376 1341 1524 1396 majore
1555 1342 1594 1382 vi

100 1426 331 1468 inculcatam
363 1424 615 1467 habebimus:
650 1424 775 1474 »Dan‚
811 1427 878 1481 qui
910 1426 979 1466 vix
1012 1433 1069 1466 est
1092 1423 1232 1474 tribus,
1266 1409 1453 1481 tanquam
1485 1426 1595 1480 prin-

99 1525 186 1566 ceps
218 1509 346 1551 trihus
380 1509 621 1566 aliquamdiu
652 1508 866 1566 reg11abit.«
916 1507 1058 1550 Statim
1081 1517 1175 1565 post
1194 1507 1426 1549 Danitarum
1447 1508 1594 1550 tribum

98 1595 267 1650 scriptor
306 1601 442 1634 noster
484 1592 644 1634 Gaditas
687 1600 986 1642 commemorat,
1039 1607 1209 1648 quorum
1257 1591 1432 1633 militiam
1479 1593 1595 1634 simili

99 1677 266 1718 dictione
299 1675 495 1718 describit.
570 1675 733 1718 Gaditae
774 1678 874 1717 enim
916 1678 1017 1717 inter
1047 1675 1296 1717 Ammonitas
1335 1675 1517 1737 degentes
1558 1684 1595 1718 et

96 1760 273 1802 Arabum
304 1759 598 1802 incursionibus
630 1759 803 1801 infestati
837 1759 1005 1815 ξυνήθη
1027 1755 1104 1815 τὴν
1128 1758 1299 1800 δίαιταν
1319 1756 1425 1813 μεθ’
1449 1759 1595 1802 ὅπλων

97 1842 350 1899 ἐποιήσαντο
393 1841 595 1900 (Thucyd.
619 1843 645 1893 I,
672 1840 729 1896 6).
790 1843 926 1899 Itaque
967 1851 1012 1884 ut
1041 1843 1207 1884 Danitae
1247 1845 1418 1900 serpenti
1458 1858 1508 1884 cx
1538 1844 1594 1884 la-

97 1926 216 1968 tebris
250 1927 444 1968 exsilienti
477 1935 514 1968 et
546 1941 738 1983 equorum
773 1927 901 1967 calces
923 1941 1059 1968 morsu
1083 1926 1277 1968 adorienti
1301 1936 1592 1983 comparantur,

98 2013 151 2052 ita
185 2009 347 2052 Gaditae
381 2012 516 2060 etiam,
561 2025 684 2066 quum
714 2010 963 2051 Ammonitae
996 2010 1058 2050 vel
1087 2008 1239 2052 Arabes
1283 2018 1425 2051 terram
1458 2025 1594 2052 eorum

96 2094 274 2151 populati
313 2093 498 2150 praedam
537 2093 766 2150 abigebant,
809 2108 858 2134 ex
890 2092 1040 2134 insidiis
1073 2095 1265 2135 irruentes
1299 2094 1468 2148 calcem,
1510 2096 1534 2135 i.
1559 2110 1591 2136 e.

100 2185 316 2218 extremum
354 2192 492 2233 agmen
522 2177 784 2219 recedentium
815 2177 1013 2218 latronum
1044 2179 1220 2218 cominus
1251 2177 1592 2235 aggrediebantur.

96 2261 322 2318 Legendum
356 2275 438 2302 esse
471 2275 559 2302 cum
581 2259 765 2302 Scheidio
800 2264 968 2329 0:¹79,
1004 2263 1132 2318 quivis
1157 2263 1305 2303 critices
1326 2264 1478 2318 peritus
1501 2277 1595 2304 con-

97 2344 217 2386 cedet.
280 2343 380 2385 Nam
422 2353 558 2385 contra
597 2345 815 2402 analogiam
855 2353 975 2395 esset,
1018 2347 1050 2386 si
1089 2344 1234 2386 Asheri
1274 2348 1591 2388 commemoratio

96 2428 272 2484 praefixo
307 2433 344 2473 72
378 2430 576 2485 inciperet,
612 2442 734 2485 quum
758 2437 917 2470 cunctae
939 2428 1067 2470 tribus
1091 2444 1183 2470 casu
1213 2437 1319 2470 recto
1343 2429 1592 2471 inducantur.

98 2510 357 2568 Quadruplex
387 2511 496 2553 verbi
528 2512 640 2553 lusus
673 2514 713 2554 in
743 2514 869 2569 prima
911 2512 1084 2553 clausula
1125 2513 1271 2568 optimc
1304 2514 1474 2554 concinit
1506 2527 1593 2553 cum

96 2594 314 2636 Jasharano
346 2610 455 2636 more
488 2610 601 2652 quem
633 2594 841 2637 indubium
873 2595 971 2637 illud
1002 2596 1123 2651 hujus
1146 2594 1235 2636 libri
1267 2597 1461 2651 specimen
1493 2595 1593 2637 infra

98 2676 300 2719 exhibebit
333 2675 376 2730 (2
400 2677 504 2720 Sam.
527 2678 554 2728 Ι,
580 2676 666 2732 20).
725 2679 790 2720 Ad
822 2694 903 2720 rem
936 2678 1046 2735 quod
1078 2680 1228 2728 attinet,
1264 2678 1439 2720 militaris
1473 2677 1592 2722 Gadi-

98 2769 224 2801 tarum
263 2760 348 2801 laus
389 2761 438 2802 ad
469 2761 679 2818 Jephtham
722 2761 952 2804 Gileaditam
994 2770 1168 2818 spectare
1207 2770 1360 2818 potest,
1404 2765 1471 2820 qui
1504 2772 1592 2804 ante

98 2842 319 2885 Simsonem
345 2843 472 2899 judex
504 2843 578 2886 suit
608 2847 709 2887 inter
737 2845 943 2887 Israelitas.
995 2844 1075 2886 Sed
1104 2844 1281 2901 profecto
1305 2846 1412 2888 haud
1444 2846 1589 2888 oblitus

99 2934 157 2968 est
186 2936 305 2983 poeta
335 2935 470 2969 noster
502 2936 746 2984 quantopere
777 2928 957 2970 undecim
989 2929 1042 2970 illi
1077 2927 1306 2971 Gaditarum
1339 2930 1478 2972 heroes
1511 2929 1592 2971 Da-
