1867 3301
956 199 1148 269 223—

263 356 356 383 num
394 340 564 397 plurale,
612 340 720 380 viros
751 338 984 394 principes,
1033 340 1192 395 proprie
1220 338 1403 393 judices,
1446 336 1668 394 designare,
1713 346 1751 381 et
1801 389 1806 392 .

264 439 404 466 nomen
437 421 554 469 WNW
587 437 674 463 eum
706 421 923 478 significare
954 437 1071 478 posse
1105 424 1173 478 qui
1196 423 1236 462 in
1259 421 1388 478 aliqua
1408 435 1449 462 re
1471 435 1608 477 agmen
1630 420 1749 462 ducit.

262 508 416 565 Itaque,
450 507 527 548 hoc
548 506 634 546 loco
667 520 749 546 non
772 504 949 546 dubitavi
973 505 1259 561 principatum
1276 505 1457 560 yentium
1478 506 1611 561 potius
1634 519 1750 561 quam

261 591 515 647 sinyulormn
546 588 756 630 hominum
787 589 944 644 capita,
988 588 1155 644 physico
1195 602 1332 637 sensu,
1376 587 1602 644 intelligere.
1665 586 1752 641 Qua

262 676 414 715 ratione
453 672 592 713 Judaei
643 673 838 728 principes
880 673 1057 712 inimicos
1104 671 1362 720 trucidarent,
1412 670 1537 712 discas
1577 670 1666 713 licet
1701 684 1752 712 ex

262 756 427 798 historia
459 755 607 812 Agagi,
641 757 743 812 regis
776 754 1112 811 Amalequitarum
1145 753 1185 807 (1
1212 753 1317 795 Sam.
1339 751 1448 807 XV).

380 839 623 895 Epimetrum
664 840 789 880 nostri
823 840 961 880 cantici
992 837 1157 879 eundem
1188 846 1386 878 auctorem
1416 836 1602 879 habuisse
1634 844 1751 894 atque

264 924 455 964 canticum
486 924 616 978 ipsum
649 924 741 962 satis
776 921 918 962 docent
949 921 1156 977 singularis
1191 920 1381 976 quaedam
1403 920 1495 976 styli
1515 921 1748 976 proprietas,

264 1015 303 1048 et
332 1008 500 1047 nominis
523 1006 725 1047 Jeshurun
750 1006 919 1046 iteratio.
968 1004 1051 1045 ,Iam
1075 1012 1187 1044 antea
1210 1003 1424 1060 significavi
1444 1002 1751 1044 Masorethicum

263 1089 453 1131 editorem
496 1088 542 1129 de
580 1103 651 1129 suo
685 1087 941 1144 interpolasse
973 1086 1225 1128 intermedios
1257 1101 1394 1128 versus
1427 1100 1449 1127 a
1480 1094 1593 1128 sexto
1625 1100 1751 1143 usque

263 1171 313 1212 ad
344 1174 567 1213 vicesimum
609 1173 802 1228 quintum.
864 1170 965 1211 lllud
1005 1172 1271 1211 certissimum
1301 1177 1380 1219 est,
1422 1171 1454 1210 si
1485 1168 1640 1211 fatearis
1671 1177 1751 1210 tam

262 1254 339 1295 hoc
371 1257 560 1296 canticum
594 1269 710 1311 quam
733 1253 870 1295 Jacobi
898 1253 1208 1294 benedictionem
1229 1256 1269 1294 in
1291 1253 1515 1295 collectione
1536 1252 1752 1294 Jasharana

262 1338 450 1379 inclusam
490 1337 623 1379 fuisse.
687 1337 810 1378 Nemo
854 1340 973 1386 enim,
1023 1351 1143 1393 quum
1186 1338 1240 1377 ita
1281 1336 1326 1377 de
1365 1337 1528 1393 singulis
1567 1335 1750 1377 tribubus

262 1421 544 1477 praedicasset,
594 1421 656 1461 vel
704 1420 835 1463 eadem
884 1435 1069 1477 perversa
1117 1422 1331 1463 imitatione
1378 1421 1642 1475 repetivisset,
1689 1418 1752 1460 vel

261 1503 418 1546 Rubeni
450 1505 643 1561 Levisque
686 1504 1048 1545 condemnationem
1088 1505 1126 1544 in
1168 1502 1274 1544 bona
1312 1517 1356 1544 ac
1386 1502 1514 1544 fausta
1543 1503 1752 1558 praeconia

264 1596 552 1629 commutasset.
599 1588 821 1637 Praeterea,
856 1589 888 1628 si
921 1586 1182 1628 sacerdotium
1204 1586 1419 1627 Leviticum
1451 1584 1627 1626 nondum
1650 1592 1752 1626 esset

264 1673 521 1712 constitutum
560 1678 745 1727 regnante
779 1669 1015 1719 Solomone,
1063 1669 1199 1710 eodem
1237 1683 1327 1725 rege
1364 1683 1477 1709 nemo
1510 1670 1564 1709 ita
1593 1668 1750 1709 locutus

263 1762 364 1795 esset
396 1754 442 1794 de
472 1754 686 1810 privilegiis
719 1753 955 1794 Aaroniticis
989 1761 1027 1793 et
1059 1751 1105 1792 de
1136 1752 1219 1808 lege
1253 1765 1368 1808 quam
1401 1751 1556 1792 Levitae
1588 1750 1751 1792 admini-

263 1845 444 1878 strarent.
507 1836 664 1893 Neque,
708 1845 752 1878 ut
790 1845 935 1877 taceam
973 1836 1043 1876 has
1083 1850 1212 1876 rerum
1251 1837 1425 1890 ipsarum
1456 1835 1748 1891 repugnantias,

263 1920 357 1960 aliae
388 1920 529 1962 desunt
550 1922 736 1976 temporis
758 1928 893 1968 notae,
928 1933 1006 1975 quo
1031 1919 1125 1959 haec
1147 1917 1384 1959 intercalaris
1408 1919 1609 1973 corruptio
1631 1918 1751 1958 inter-

260 2005 391 2059 posita
423 2012 492 2044 est.
556 2002 667 2044 Nam*
694 2005 733 2044 in
764 2003 837 2044 hac
868 2004 1092 2043 recensione
1125 2001 1319 2043 Simeonis
1351 2000 1478 2042 tribus
1512 2001 1670 2041 evanuit
1700 2013 1750 2041 ex

260 2086 520 2127 Israelitarum
553 2086 744 2143 catalogo,
779 2086 888 2142 quod
921 2086 1030 2127 aliter
1062 2086 1247 2141 explicari
1279 2086 1433 2141 nequit,
1468 2098 1585 2140 quam
1616 2098 1665 2125 ex
1685 2083 1750 2124 illa

261 2168 446 2218 historia,
484 2184 561 2224 qua
593 2169 777 2210 docemur
807 2168 1055 2217 Simeonitas,
1089 2168 1226 2209 Hiskia
1258 2168 1411 2208 demum
1443 2175 1642 2224 regnante,
1672 2175 1750 2208 ter-

260 2254 387 2299 minos
418 2251 679 2292 Israelitarum
721 2252 942 2308 reliquisse,
985 2260 1101 2308 atque
1138 2251 1187 2292 ad
1219 2266 1305 2292 eum
1339 2250 1439 2292 diem
1471 2265 1550 2307 quo
1582 2249 1749 2291 Parali-

252 2349 436 2390 pomena
478 2337 697 2390 conscripta
742 2343 835 2374 sunt
875 2336 913 2374 in
953 2343 1136 2374 montana
1176 2333 1275 2375 Seiri
1315 2336 1473 2390 regione
1512 2332 1749 2374 habitavisse

262 2415 299 2469 (l
326 2418 495 2474 Paralip.
518 2418 583 2466 IV,
609 2415 814 2468 39-43).
862 2416 982 2472 Ergo,
1019 2417 1222 2457 verisimile
1255 2425 1314 2457 est
1344 2416 1420 2457 boc
1443 2416 1749 2456 additamentum

260 2509 354 2556 post
384 2501 541 2541 Hisltiae
582 2515 743 2557 regnum
784 2499 904 2540 fuisse
937 2501 1214 2555 excogitatum.
1278 2498 1425 2539 Deinde
1458 2513 1550 2539 vero
1584 2500 1638 2547 is,
1680 2499 1748 2554 qui

260 2583 336 2623 1100
369 2586 596 2639 epimetrum
629 2598 650 2624 a
683 2583 833 2639 reliquo
858 2585 1022 2624 carmine
1045 2583 1236 2637 sejunxit,
1272 2581 1435 2622 eundem
1458 2580 1613 2622 titulum
1637 2595 1748 2637 prae-

258 2665 347 2706 fixit
379 2680 490 2721 11110111
524 2669 562 2707 111
596 2668 717 2722 capite
750 2666 892 2706 Psalmi
914 2665 986 2707 XC
1021 2667 1208 2721 reperies:
1241 2664 1384 2705 scilicet
1416 2664 1509 2704 haec
1540 2672 1599 2705 est
1630 2664 1747 2705 bene-

261 2748 402 2800 dictio,
446 2749 655 2804 illae‘vero
691 2764 836 2804 preces
867 2750 996 2790 Mos-ets
1035 2732 1242 2814 ΕἾΠΠζζζΠ
1277 2752 1389 2807 Ψῖξέ.
1452 2747 1508 2787 At
1538 2761 1630 2788 vero
1668 2747 1748 2786 sin-

258 2831 405 2887 gularis
447 2831 506 2871 ille
547 2832 685 2872 titulus
727 2833 908 2881 similem,
950 2834 981 2872 si
1022 2846 1101 2872 11011
1141 2811 1326 2878 eundem,
1373 2830 1559 2871 editorem
1599 2828 1744 2884 prodit.

261 2913 390 2967 Quum
423 2916 543 2971 igitur
575 2930 624 2956 ex
657 2930 720 2956 νν.
746 2914 795 2957 13
819 2930 905 2972 sqq.
940 2915 1066 2971 colligi
1098 2927 1217 2971 posse
1251 2913 1428 2954 videatur
1454 2912 1650 2954 Psalmum
1670 2909 1743 2953 XC
