1867 3301
829 215 888 262 21

115 370 145 396 s.
162 356 392 411 proborum
425 352 548 411 (vulg.
573 352 931 408 liberjus-loram),
968 364 1026 397 est
1058 355 1287 411 anthologia
1320 364 1494 397 veterum
1527 372 1610 398 car-

113 440 260 480 minum
294 438 603 479 Hebraeorum.«
668 437 747 479 Sed
787 453 833 478 ne
868 441 898 479 is
934 438 1090 495 quidem
1124 441 1217 479 satis
1250 438 1401 494 liquido
1436 440 1606 491 videbat,

114 536 230 578 quam
263 524 327 562 isti
353 522 603 577 explicationi
628 523 857 563 sententiam
881 522 1102 577 subjiceret.
1149 521 1275 563 Addit
1297 524 1418 562 enim:
1455 538 1501 563 »a
1524 524 1608 564 lau-

114 604 230 646 dibus
262 604 480 661 proborum
513 604 736 654 homimnn,
773 605 830 645 vel
866 620 1099 661 quacunque
1133 606 1203 645 alia
1239 605 1285 645 ‹le
1319 619 1436 646 causa
1464 602 1609 657 (solent

113 691 213 729 enim
255 686 469 729 Orientalcs
520 687 709 729 librorum
751 688 885 728 titulos
926 702 1040 744 saepe
1082 704 1103 728 a
1143 687 1259 729 rebus
1302 687 1480 729 verbisve
1520 703 1608 730 cum

113 779 341 828 argumento
383 773 511 812 minus
553 773 740 811 connexis
783 768 981 827 repetere)
1026 773 1077 811 ita
1118 770 1259 811 dicta.«
1323 771 1374 812 Et
1405 773 1445 812 in
1478 772 1606 813 lexico

112 855 298 896 ἰηαηῑιαῖί
327 854 376 895 ad
399 855 532 911 Ilgenii
567 856 792 911 opinionem
827 854 1009 895 inclinare
1033 853 1207 895 videtur:
1243 853 1430 903 »modo«,
1465 856 1604 911 inquit,

114 936 298 994 »probari
337 940 466 994 possit
501 943 600 1005 Ἶῖἐῖἶ
637 940 751 979 etiam
793 937 839 978 de
878 937 1014 978 bellica
1049 939 1192 978 virtute
1232 946 1467 993 usurpatum
1508 953 1603 988 esse,

112 1036 193 1062 non
231 1021 329 1062 male
372 1022 475 1062 illius
515 1021 605 1062 libri
644 1023 937 1077 inscriptionem
977 1021 1244 1062 transtuleris:
1294 1021 1395 1062 liber
1433 1021 1604 1073 virtutis,

113 1104 198 1145 coll.
229 1103 407 1145 Arabum
446 1103 690 1145 nobilissima
727 1104 974 1161 Anthologia
1014 1101 1130 1149 bimi?
1168 1086 1270 1144 dicta
1308 1105 1332 1144 i.
1367 1119 1397 1145 e.
1438 1105 1604 1145 virtus«

110 1187 302 1244 Equidem
335 1190 456 1229 miror
487 1188 627 1229 Virum
660 1187 948 1237 doctissimum,
989 1202 1110 1244 quum
1142 1195 1220 1227 tam
1254 1186 1421 1227 dilucide
1452 1189 1606 1243 perspi-

112 1279 214 1312 ceret
251 1273 359 1312 vocis
398 1269 596 1312 Hebraeae
637 1279 797 1326 etymon
837 1280 874 1312 et
912 1271 1254 1328 significationem,
1299 1272 1339 1311 in
1379 1270 1515 1311 iisdem
1556 1270 1606 1311 ad

110 1353 196 1395 libri
229 1356 522 1411 inscriptionem
554 1352 833 1395 transferendis
866 1354 1058 1395 haesitare
1091 1356 1280 1410 potuisse.
1329 1353 1470 1394 Nullus
1504 1355 1604 1394 enim

111 1452 197 1478 sum
230 1436 373 1479 dubius
406 1439 501 1494 quin
523 1436 759 1478 vocabulum
784 1440 883 1505 ἾΨΞ
916 1439 1173 1478 communiter
1199 1437 1421 1494 designaret
1442 1445 1604 1477 cunctos

110 1521 308 1570 homines,
343 1523 410 1577 qui
442 1521 646 1570 moralem,
682 1536 781 1577 quae
804 1530 980 1570 vocatur,
1015 1529 1052 1561 et
1073 1521 1310 1577 relligiosam
1333 1519 1605 1561 rectitudinem

111 1618 154 1645 ac
193 1606 376 1660 pietatem
416 1605 570 1655 colunt3
611 1607 772 1661 proprie
814 1613 942 1646 autem
983 1604 1031 1645 ad
1068 1604 1260 1645 Israelitas
1301 1604 1466 1645 relatum
1506 1618 1602 1653 esse,

111 1689 178 1744 qui
210 1687 282 1728 hac
314 1687 574 1744 appellatione
606 1687 693 1730 ideo
726 1688 971 1744 gaudebant,
1008 1690 1100 1744 quia
1132 1687 1181 1728 ad
1209 1688 1364 1744 pietatis
1387 1695 1425 1728 et
1445 1688 1604 1728 virtutis

111 1786 230 1827 opera
261 1770 455 1821 facienda,
490 1786 589 1827 quae
621 1787 714 1813 vero
749 1780 866 1829 atque
898 1774 1015 1813 unico
1048 1771 1132 1812 Deo
1164 1771 1338 1812 Jehovae
1369 1778 1480 1827 grata
1512 1779 1605 1811 sunt

109 1863 147 1895 et
178 1843 354 1911 accepta,
389 1870 472 1896 sese
506 1857 811 1897 circumcisionis
843 1858 922 1897 ritu
956 1855 1209 1896 devoverant.
1258 1854 1387 1896 Voces
1420 1857 1541 1921 ΡἾἾῌ
1566 1862 1605 1895 et

110 1941 206 2005 ἾΨ]
254 1937 331 1979 sere
375 1953 527 1995 semper
569 1938 614 1980 ἐκ
652 1936 937 1994 παραλλήλου
978 1946 1241 1995 usurpantur,
1291 1939 1345 1978 ita
1392 1945 1521 1978 tamen
1559 1946 1605 1979 ut

109 2021 340 2078 significatio
374 2022 494 2078 hujus
526 2024 565 2063 in
597 2023 700 2063 illius
733 2022 944 2079 aliquando
978 2030 1163 2062 transeat.
1215 2020 1257 2061 Si
1287 2020 1336 2060 ad
1358 2022 1494 2061 insitas
1517 2035 1604 2061 ver-

108 2103 251 2145 borum
284 2106 464 2145 notiones
497 2107 770 2161 respiciamus,
805 2109 902 2172 ἳῂξτζ
935 2104 1109 2160 ejusdem
1140 2105 1349 2160 prosapiae
1373 2111 1449 2153 est,
1484 2112 1602 2160 atque

108 2185 514 2228 Indo—Germanicum
547 2188 643 2229 illud
664 2189 767 2229 sad-
792 2189 850 2229 vel
872 2189 982 2238 θεώ,
1018 2188 1256 2244 denotatque
1278 2186 1396 2228 fixam
1419 2195 1457 2228 et
1477 2196 1602 2228 ratam

108 2272 163 2312 rei
196 2270 359 2326 alicujus
393 2270 679 2322 conditionem3
714 2271 817 2312 unde
849 2272 898 2312 ad
932 2280 1034 2313 certa
1058 2272 1162 2326 juris
1195 2270 1448 2312 fundamenta
1470 2273 1602 2326 expri-

108 2354 247 2395 menda
288 2354 623 2396 accommodatum
657 2364 734 2405 est,
776 2364 813 2396 et
846 2355 952 2412 apud
982 2355 1107 2397 LXX.
1142 2354 1220 2396 fere
1253 2369 1404 2411 semper
1438 2353 1602 2403 δίκαιος

107 2446 185 2478 stat
222 2453 295 2494 pro
329 2437 508 2480 Hebraeo
547 2443 685 2508 ΡἾἾῌ,
727 2448 772 2480 ut
810 2439 1071 2496 significemus
1113 2439 1279 2495 aliquem
1320 2440 1387 2494 qui
1427 2436 1599 2478 officium

107 2536 222 2562 suum
261 2530 444 2577 praestet.
514 2523 646 2564 Radix
684 2532 811 2564 autem
852 2523 1010 2564 alterius
1051 2521 1233 2563 vocabuli
1274 2524 1372 2588 Ἶῑτῧὲ
1411 2529 1468 2562 est
1505 2517 1596 2588 Ἶῖζῗ,

109 2620 223 2662 quam
257 2606 570 2662 complectuntur
602 2608 715 2648 etiam
739 2606 858 2648 verba
883 2604 1039 2674 Ἶῖζῖηδτξ,
1075 2603 1233 2672 ἾῖζΗζῚ,
1268 2603 1414 2673 ἰφ-Ε,
1449 2613 1487 2645 et
1517 2603 1599 2646 for-

107 2696 209 2729 tasse
241 2686 356 2739 Ἶῆἶζ),
393 2703 491 2745 quae
523 2692 724 2731 notionem
758 2691 917 2731 firmiter
939 2689 1143 2731 insistendi
1167 2690 1378 2729 continent.
1424 2687 1598 2742 Quibus-

107 2786 193 2812 cum
227 2772 422 2813 elementis
444 2772 818 2815 Indo-Germanicis
851 2790 895 2815 ea
926 2774 1040 2815 radix
1065 2780 1277 2829 congruat,
1312 2772 1474 2828 longum
1496 2780 1598 2813 esset

106 2869 348 2896 enumerare:
385 2855 529 2898 Graeca
563 2858 752 2914 quaedam
785 2858 918 2899 videas
951 2859 990 2898 in
1021 2856 1137 2898 Novo
1163 2855 1324 2913 Cratylo
1358 2852 1503 2909 5³21&
1553 2855 1597 2896 si

106 2939 226 2995 igitur
258 2938 306 2980 ad
337 2939 523 2982 radicitus
550 2942 686 2983 insitas
709 2943 891 2984 notiones
915 2940 1162 2991 attendimus,
1196 2946 1293 3011 *¹:735
1317 2948 1354 2982 et
1375 2934 1595 3004 *tiqtidem
