1867 3301
570 725 797 792 PARS*
828 725 1140 793 TERTIA.

108 883 294 941 Aegypto
321 884 441 940 elapsi
472 882 587 940 probi
612 884 806 925 Israelitae
835 891 929 941 post
953 884 1214 942 quadraginta
1237 900 1362 926 annos
1386 887 1425 926 in
1450 886 1603 928 deserto

198 966 428 1024 absumptos
462 967 682 1024 multasque
715 968 807 1009 alias
840 967 1067 1010 fluctuantis
1102 968 1282 1011 fortunae
1316 969 1604 1012 vicissitudines

198 1053 237 1092 in
278 1060 379 1093 terra
420 1052 710 1108 tranquillitatis
751 1051 824 1093 sub
864 1052 1025 1109 pacifico
1058 1067 1149 1110 rege
1182 1052 1398 1096 Solomone
1428 1053 1604 1097 Jehovae

197 1135 329 1179 aedem
362 1144 604 1178 consecrant.

175 1338 313 1418 ῦῖζᾙ]
348 1349 478 1406 Quum
513 1359 596 1393 tota
629 1359 730 1393 terra
761 1352 958 1408 nequitiae
991 1350 1140 1393 diluvio
1176 1351 1319 1394 obruta
1344 1352 1509 1408 jaceret,

347 1435 464 1476 Israel
497 1444 623 1477 autem
658 1435 782 1492 probe
815 1450 858 1477 ae
890 1435 1085 1492 relligiose
1118 1434 1353 1486 ambularet,
1391 1450 1394 1453 ·

348 1518 528 1561 Decrevit
558 1520 710 1562 Jehova
750 1528 795 1561 ut
836 1534 854 1561 e
887 1520 1163 1562 tumultuantis
1196 1519 1383 1563 Rahahae
1413 1520 1600 1565 fluetibus

815 1612 972 1660 ereptus

344 1689 386 1730 In
421 1697 561 1730 terram
596 1687 885 1746 tranquillitatis
920 1687 1075 1730 demum
1106 1691 1340 1747 perveniret.

343 1773 447 1816 Arca
483 1775 603 1831 igitur
634 1772 809 1815 Jehovae
841 1773 960 1829 jussu
993 1782 1219 1816 constructa
1251 1782 1327 1825 est,
1371 1788 1449 1832 qua
1480 1790 1599 1832 super

810 1857 956 1899 fluctus
976 1866 1150 1900 terrenae
1168 1860 1365 1916 nequitiae
1382 1861 1596 1917 navigaret.

163 1928 310 2008 6Θῖἑὲξῖ
343 1942 459 1983 Israel
491 1950 620 1983 autem
647 1956 791 1983 annum
818 1941 958 1998 agebat
981 1944 1307 1984 sexcentesimum
1329 1938 1368 1996 ¹),
1403 1957 1525 2001 quum
1556 1946 1597 1985 in

812 2039 939 2067 arcam
971 2027 1171 2083 ingressus
1205 2034 1274 2068 est.

245 2117 309 2158 [12]
341 2109 416 2151 Per
456 2109 671 2159 desertum,
715 2117 900 2167 tanquam
939 2124 1009 2167 per
1041 2111 1158 2151 maris
1191 2124 1384 2168 aequora,
1427 2111 1595 2170 quadra-

809 2196 919 2252 ginta
951 2209 1074 2237 annos
1107 2194 1338 2253 vagabatur.

145 2264 308 2344 Gen'vfflj
344 2276 473 2331 Quum
506 2286 634 2319 autem
669 2279 913 2321 transiissent
944 2279 998 2320 illi
1030 2278 1291 2337 quadraginta
1322 2281 1432 2329 anni,

265 2369 307 2410 [⁷]
339 2362 455 2404 Israel
488 2361 635 2404 dimisit
659 2376 821 2406 corvum
840 2359 883 2416 ²),
919 2360 980 2416 [ut
1011 2362 1140 2406 sedem
1172 2363 1423 2421 tranquillam
1455 2364 1593 2421 explo-

807 2444 926 2502 raret]
939 2463 949 2498 3

199 2600 222 2643 ¹)
256 2600 391 2633 Exactis
419 2600 567 2634 numeris
594 2598 663 2634 215
690 2601 767 2634 anni
795 2606 1032 2646 computantur
1059 2611 1074 2634 a
1101 2599 1299 2646 patriarchis
1326 2599 1367 2634 ad
1388 2599 1590 2646 Josephum,

96 2669 165 2705 430
191 2676 301 2705 autem
328 2683 345 2705 a
370 2671 523 2717 Josepho
552 2671 591 2706 ad
610 2671 787 2713 Exodum‚
815 2672 906 2718 quod
934 2684 1020 2719 vago
1047 2682 1188 2706 numero
1215 2669 1286 2706 600
1311 2683 1418 2707 annos
1445 2672 1591 2719 complet

96 2742 188 2785 (vide
214 2742 352 2776 Bunsen
376 2743 554 2790 Aegypten
581 2744 612 2786 1,
640 2756 670 2789 p.
689 2742 775 2786 214,
795 2743 843 2788 5).

197 2814 222 2858 ²)
256 2812 390 2848 Corvus
409 2806 525 2865 (Ξῖ-,(33)
553 2817 624 2850 sive
651 2819 736 2850 ater
762 2817 902 2851 nuntius
926 2816 1064 2851 denotat
1081 2816 1224 2862 ignavos
1243 2814 1321 2850 illos
1341 2815 1586 2862 exploratoreS,

97 2887 153 2932 qui
182 2885 396 2920 deterrebant
421 2886 591 2921 Israelitas
620 2888 802 2933 quominus
830 2888 1031 2934 promissam
1059 2892 1179 2922 terram
1206 2888 1313 2935 primo
1340 2888 1467 2936 impetu
1493 2889 1587 2924 inva-

97 2956 213 2992 derent
238 2956 351 3001 (Num.
370 2956 476 3000 XIII,
496 2958 607 3003 XIV).
