1867 3301
229 342 415 384 Hebraeis
456 341 637 395 chbnelz,
684 340 947 398 Tszfflzoriah,
992 341 1205 395 Caesar-ia,
1251 350 1289 383 et
1323 342 1497 384 Tiberia.
1558 342 1601 383 In
1641 356 1718 399 qua

192 446 197 451 ·
229 425 347 476 urbe,
382 440 507 482 usque.
541 424 590 466 ad
612 440 756 466 annum
781 424 928 467 Christi
952 423 1057 474 230,
1093 424 1231 467 claruit
1250 424 1379 467 Rabbi
1402 424 1577 467 Jehuda.
1621 424 1719 466 Post

231 510 342 565 cujus
375 508 452 550 sata
484 510 694 565 praecipua
726 509 942 549 litterarum
975 508 1104 549 studia
1136 510 1355 565 migrarunt
1384 510 1424 549 in
1444 507 1716 565 Babyloniam.

231 592 307 634 Ubi
339 592 606 634 celeberrimae
640 591 799 632 suerunt
819 591 1051 632 Academiae
1084 593 1332 633 continuatae
1357 606 1482 648 usquc
1505 591 1554 632 ad
1576 605 1718 632 annum

233 675 379 718 Christi
417 674 541 717 1037.
605 674 736 731 Atque
770 677 823 715 ita
859 674 908 716 ad
940 674 1040 715 idem
1072 683 1226 730 tempus
1258 690 1376 731 penes
1409 675 1516 715 solos
1547 673 1721 730 Babylo-

230 760 318 799 nios
360 760 483 799 totius
517 758 716 799 doctrinae
748 757 932 799 Judaicae
972 757 1052 798 fuit
1078 754 1318 810 cul111e11').«
1379 757 1568 799 Videmus
1600 759 1721 814 igitur

230 841 538 882 Masorethicum
577 849 756 883 nostrum
797 849 947 882 textum
989 840 1199 882 traditione
1239 841 1322 882 sola
1353 843 1444 891 niti3
1492 856 1580 881 nam
1612 839 1721 897 quod

232 927 359 965 aiunt:
409 939 548 965 »omne
594 926 896 965 instrumentum
935 923 1118 965 Judaicae
1166 924 1405 965 litteraturae
1449 939 1518 980 per
1555 922 1719 964 Esdram

232 1016 386 1049 constat
416 1015 702 1048 restauratum«
727 989 919 1060 (Tertull.
955 1007 1001 1048 de
1033 1006 1172 1048 habitu
1203 1007 1296 1048 mul.
1332 1006 1409 1047 vol.
1432 1007 1499 1055 III,
1532 1021 1562 1047 c.
1587 1004 1650 1058 3);
1684 1013 1722 1046 et

233 1091 404 1132 »Esdras
436 1090 508 1131 Dei
540 1090 722 1132 sacerdos
756 1089 1000 1131 combustam
1033 1106 1054 1130 a
1081 1089 1286 1131 Chaldaeis
1319 1091 1359 1130 in
1390 1089 1557 1130 archivis
1588 1089 1722 1144 templi

231 1176 404 1216 restituit
434 1174 583 1230 legem«
618 1170 848 1230 (Augustin.
884 1173 961 1213 vol.
984 1173 1044 1214 ΠΙ.
1078 1188 1168 1229 pars
1190 1173 1233 1214 ΙΙ.
1260 1169 1405 1229 App.)‚
1449 1172 1553 1213 unde
1585 1169 1608 1212 ὁ
1638 1170 1722 1212 τῶν

232 1256 542 1298 θεοπνεύσῑων
581 1252 901 1311 ἄναγνωρισμὸς
920 1255 1010 1296 ’καὶ
1050 1252 1356 1310 ἄνακαινισμός
1386 1254 1542 1306 λογίων
1574 1251 1718 1308 (Clcm.

233 1341 348 1382 Alex.
374 1340 520 1382 Strom.
543 1341 569 1381 I.
604 1355 642 1395 p.
669 1338 753 1382 392
775 1336 960 1392 Potter);
994 1339 1031 1380 id
1057 1341 1187 1395 ipsum
1209 1341 1367 1380 nonnisi
1390 1339 1580 1380 tralaticia
1604 1353 1722 1394 quae-

235 1424 321 1465 dam
362 1423 495 1464 sabula
533 1432 610 1472 est,
653 1438 675 1464 a
707 1422 922 1478 majoribus
955 1422 1117 1472 tradita,
1159 1430 1314 1478 accepta
1347 1437 1367 1462 a
1397 1424 1568 1478 posteris
1598 1423 1722 1478 magis

234 1522 351 1563 quam
390 1506 570 1563 probata.
635 1505 754 1548 Sacra
795 1514 923 1547 autem
954 1505 1081 1546 Biblia
1119 1507 1344 1561 promiscua
1375 1520 1458 1546 esse
1490 1505 1723 1547 collectanea

235 1591 397 1631 diversis
430 1589 606 1631 fontibus
633 1589 807 1631 derivata
838 1591 1063 1631 testimonio
1097 1597 1189 1630 sunt
1219 1591 1295 1645 ipsi
1327 1589 1619 1644 compilatores,
1655 1589 1722 1644 qui

234 1689 314 1715 non
345 1673 464 1714 modo
498 1675 741 1729 antiquiores
774 1672 895 1714 libros
919 1672 1085 1714 subinde
1106 1672 1286 1722 laudant,
1321 1687 1455 1713 verum
1479 1673 1592 1713 etiam
1613 1671 1721 1712 locos

235 1757 451 1814 eclogarios
499 1756 707 1797 identidem
748 1758 1002 1797 intertexunt.
1066 1756 1226 1797 Praeter
1267 1755 1409 1797 librum
1449 1755 1720 1803 Jasharanum3

235 1855 351 1897 quein
387 1839 634 1880 tractandum
675 1841 848 1896 suscepi,
891 1840 988 1880 alios
1029 1854 1189 1896 quoque
1228 1847 1407 1880 auctores
1446 1841 1484 1879 in
1517 1845 1721 1879 numerato

235 1922 460 1966 habuerunt
491 1922 639 1964 scribae
672 1923 725 1963 illi
759 1931 797 1964 et
829 1923 1124 1978 compilatores;
1157 1938 1238 1963 non
1269 1922 1388 1963 modo
1421 1924 1459 1963 in
1485 1923 1530 1962 iis
1553 1921 1720 1977 scriptis,

235 2021 334 2063 quae
374 2007 513 2063 populi
554 2008 724 2063 origines
767 2015 805 2047 et
842 2007 952 2046 initia
992 2005 1237 2054 describunt,
1279 2013 1325 2046 ut
1366 2019 1487 2061 quum
1527 2006 1567 2044 in
1604 2002 1721 2044 Num.

234 2090 352 2139 XXI,
388 2088 441 2131 14
488 2091 648 2131 citatum
688 2091 908 2130 invenimus
941 2088 1117 2130 Librum
1156 2088 1351 2130 bellorum
1382 2087 1563 2129 Jelzotae
1594 2084 1723 2140 (520

235 2178 346 2219 rim-1*
379 2156 616 2225 n'nn'm),
652 2181 689 2213 et
719 2173 949 2229 generaliter
982 2187 1047 2213 eos
1079 2172 1149 2228 qui
1175 2173 1216 2213 in
1239 2171 1485 2213 carminibus
1505 2171 1726 2227 loquuntur

237 2227 317 2298 scil.
340 2254 532 2312 poetas(
519 2236 801 2315 (05'727'721‘1),
842 2270 977 2296 verum
1011 2257 1123 2296 etiam
1157 2256 1196 2295 in
1227 2256 1294 2303 iis,
1337 2255 1404 2310 qui
1434 2268 1571 2310 regum
1602 2254 1725 2294 serio-

236 2354 324 2380 rum
362 2354 423 2380 res
462 2347 591 2395 gestas
631 2340 851 2387 continent,
893 2345 939 2378 ut
970 2352 1091 2393 quum
1123 2339 1163 2378 in
1195 2336 1295 2378 libro
1327 2337 1354 2377 Ι
1378 2336 1474 2393 Reg.
1498 2335 1611 2377 XXII
1639 2335 1724 2377 lau-

341 2538 363 2579 ¹)
399 2536 566 2578 Quantum
594 2535 775 2570 contulerit
792 2535 947 2582 Babylon
973 2536 1014 2570 ad
1039 2535 1168 2569 litteras
1186 2535 1345 2569 Judaicas
1366 2533 1594 2569 informandas
1615 2533 1723 2569 discas

238 2601 316 2636 licet
347 2613 364 2635 a
397 2601 491 2635 Julio
519 2602 656 2636 Ffirstio
690 2600 836 2642 (Kultur
866 2613 899 2634 u.
925 2600 1288 2647 Literaturgeschichte
1323 2600 1380 2634 der
1405 2599 1516 2634 Juden
1549 2600 1582 2632 in
1607 2599 1724 2634 Asien.

238 2667 353 2712 Leipz.
381 2665 504 2710 1849).
556 2666 645 2700 Bene
678 2665 734 2699 ille
762 2666 937 2700 observat:
974 2665 1206 2712 »Babylonien
1235 2676 1303 2700 war
1329 2665 1386 2699 das
1415 2663 1565 2699 Saatl'eld
1591 2663 1646 2698 fiir
1672 2663 1724 2698 die

239 2732 379 2764 meislen
409 2731 598 2777 Galtungen
634 2730 691 2765 der
720 2730 900 2775 jtidischen
925 2731 1119 2765 Literaturu
1145 2730 1190 2775 (p.
1213 2730 1259 2774 2).
1312 2728 1647 2775 Septuagintax·iralis
1673 2730 1725 2762 in-

239 2796 453 2840 terpretatio,
493 2808 576 2841 qnae
615 2797 686 2830 sive
720 2801 788 2830 tota
823 2797 894 2829 sive
926 2797 1040 2840 potius
1074 2806 1113 2828 ex
1146 2800 1239 2840 parte
1269 2793 1383 2840 paullo
1418 2800 1493 2828 ante
1527 2793 1724 2828 christianae

241 2860 397 2894 ecclesiae
423 2860 607 2905 primordia
627 2861 849 2896 Alexandriae
877 2859 963 2895 facta
989 2865 1055 2903 est,
1089 2859 1305 2894 Masorethici
1331 2864 1443 2894 textus
1469 2859 1622 2906 vestigiis
1647 2857 1724 2904 plus

241 2931 299 2960 aut
325 2927 436 2960 minus
463 2926 599 2960 insistit.
