1867 3301
954 205 1020 253 28

244 345 487 401 plecteretur,
524 343 720 387 Chaldaea
751 344 815 385 illa
837 346 1005 385 nominis
1029 342 1123 412 Ἶῳ]
1146 348 1414 402 interpretatio
1437 361 1510 388 nos
1533 347 1727 398 admonet,

245 437 289 469 ut
321 428 510 484 quaedam
543 428 756 485 fragmenta
790 430 830 468 in
862 427 964 468 libro
997 428 1095 483 leyis
1127 438 1377 486 quaerantur.
1431 430 1518 471 Ilue
1550 430 1731 472 accedent

244 513 438 567 promissa
470 510 681 559 felicitatis,
716 519 754 551 et
784 509 1073 551 benedictiones
1108 526 1205 568 quae
1239 512 1498 554 obedientiam
1530 515 1640 570 sequi
1665 513 1730 554 de-

242 593 401 635 bebant.
464 594 641 634 Duarum
683 592 772 634 libri
813 595 938 634 nostri
979 595 1205 635 citationum
1245 598 1355 651 prior
1388 595 1501 637 docet
1532 611 1604 637 nos
1637 611 1731 652 syn-

243 686 373 733 tagma
411 676 508 717 illud
546 677 711 732 epinicia
751 676 939 733 quaedam
973 677 1332 733 comprehendisse,
1377 693 1475 735 quae
1506 679 1729 735 triumphos

236 761 466 815 proborum
487 758 862 809 commemorabant3
897 760 1015 801 altera
1037 742 1164 802 innuit
1184 760 1347 802 Davidis
1368 777 1429 803 res
1451 771 1580 819 gestas
1601 762 1730 803 locum

243 841 296 884 ibi
329 845 544 892 invenisse3
579 850 616 883 et
648 844 679 883 si
703 841 917 884 Solomone
939 845 1092 900 vigente
1124 846 1198 885 ista
1224 846 1436 885 carminum
1459 844 1612 902 farrago
1637 844 1730 886 sub-

244 935 329 967 acta
361 934 437 975 est,
471 940 552 966 non
583 940 655 981 par
687 934 746 967 est
777 926 929 967 credere
962 927 1075 967 talem
1108 935 1337 983 tantumque
1366 942 1496 984 regem
1517 942 1627 969 suam
1648 927 1731 969 feli-

245 1012 397 1050 citatem
437 1018 475 1050 et
513 1008 760 1064 splendorem
801 1009 955 1050 silentio
994 1011 1253 1065 praeteriisse.
1318 1010 1513 1067 Denique,
1562 1026 1609 1053 ne
1647 1012 1731 1068 pla-

244 1101 380 1134 nantes
422 1091 603 1133 oberrare
642 1106 869 1148 possemus,
912 1100 1068 1147 praesto
1106 1091 1222 1133 nobis
1254 1092 1365 1133 adest
1397 1093 1574 1134 oculatus
1605 1096 1728 1144 testis,

245 1178 311 1232 qui
344 1183 492 1216 veteres
530 1177 717 1216 terminos
755 1174 854 1215 bene
890 1183 1072 1224 noverat,
1116 1177 1260 1232 quique
1293 1190 1365 1217 nos
1398 1178 1494 1217 inire
1525 1179 1627 1218 viam
1661 1177 1731 1218 do-

245 1257 370 1307 cebit,
420 1258 570 1299 Michas
618 1258 680 1298 ille
729 1257 1020 1298 Morashtaeus.
1082 1258 1118 1298 Is
1166 1260 1321 1315 utique,
1371 1273 1490 1315 quum
1529 1259 1728 1310 Jothamo,

244 1341 400 1391 Ahaso,
443 1349 480 1382 et
511 1341 650 1382 Hiskia
680 1340 935 1398 regnantibus
967 1341 1184 1397 prophetae
1216 1356 1375 1382 munere
1406 1340 1653 1398 fungeretur,
1691 1344 1731 1383 in

243 1424 423 1466 manibus
456 1423 599 1465 habere
630 1426 763 1481 potuit
794 1423 1019 1465 absolutum
1052 1424 1149 1464 illud
1179 1424 1417 1465 Jasharanae
1447 1440 1613 1481 poeseos
1645 1440 1731 1467 eor-

244 1523 341 1564 pus,
374 1523 444 1549 nec
475 1508 607 1564 plures
640 1508 703 1548 alii
735 1506 841 1557 libri,
876 1508 988 1563 cujus
1024 1506 1140 1548 verba
1171 1509 1211 1547 in
1243 1522 1338 1548 suos
1370 1522 1466 1549 usus
1491 1508 1728 1558 transferret,

243 1600 338 1633 tune
369 1593 556 1647 temporis
589 1590 809 1632 exstabant.
855 1590 940 1632 Jam
963 1605 1056 1631 vero
1088 1592 1345 1631 certissimum
1374 1599 1433 1631 est
1452 1590 1623 1631 Mieham
1644 1606 1731 1632 ver-

244 1675 363 1715 batim
397 1676 650 1730 exsclipsisse
683 1671 732 1726 (I,
763 1671 832 1727 10)
864 1662 1225 1730 palonomasticam'
1250 1673 1352 1714 illam
1373 1673 1610 1715 Jasharanae
1640 1689 1731 1715 nae-

243 1760 329 1798 niae
370 1758 580 1798 clausulam
615 1753 664 1810 (2
698 1756 802 1798 Sam.
834 1757 868 1806 I,
902 1754 996 1809 20)·
1039 1760 1204 1817 Nun·
1185 1739 1287 1814 -1Ἳ8
1319 1757 1423 1803 ΠᾸΞ
1460 1757 1510 1798 In
1543 1756 1651 1799 Gallo
1682 1772 1732 1798 oze

244 1840 707 1882 nuncietis.P1aeterea
739 1839 876 1881 alludit
907 1839 957 1880 ad
977 1839 1139 1881 Bileami
1171 1841 1394 1881 vaticinium
1419 1839 1506 1892 (VI,
1532 1837 1588 1892 5),
1623 1840 1732 1896 quod

246 1926 412 1981 quisque
443 1924 520 1964 huc
551 1923 762 1973 rettulerit,
798 1931 835 1964 et
865 1922 1047 1979 frequens
1080 1931 1139 1964 est
1167 1925 1205 1964 in
1228 1922 1382 1964 citando
1406 1923 1728 1972 Deuteronomio,

246 2007 375 2064 quod,
416 2015 461 2048 ut
492 2005 731 2055 videbimus,
773 2006 868 2048 locis
907 2021 926 2046 e
959 2006 1176 2048 Jasharano
1217 2006 1317 2047 libro
1360 2007 1565 2062 exscriptis
1607 2007 1731 2046 maxi-

244 2105 345 2131 mam
377 2098 526 2147 partem
559 2089 777 2130 confectum
810 2098 879 2130 est.
927 2089 978 2131 Et
1011 2089 1119 2146 quod
1149 2091 1356 2146 praecipue
1388 2089 1510 2139 valet,
1545 2091 1632 2146 ipso
1660 2104 1730 2130 vo-

246 2173 384 2214 cabulo
418 2177 514 2239 ἾΨ]
545 2175 597 2213 ita
632 2175 756 2213 utitur
789 2170 891 2224 (VH,
917 2170 973 2226 2),
1009 2181 1053 2213 ut
1085 2174 1151 2229 qui
1184 2172 1234 2213 ad
1264 2174 1455 2229 principia
1485 2174 1611 2214 nostri
1642 2171 1730 2213 libri

244 2257 408 2298 lectores
441 2270 535 2296 suos
569 2255 796 2296 amandatos
829 2255 934 2295 velit.

366 2339 453 2380 Tali
492 2339 649 2379 testium
690 2352 733 2379 ae
770 2339 1085 2379 testimoniorum
1121 2337 1186 2378 filo
1220 2337 1413 2379 adductus
1446 2338 1594 2380 librum
1622 2338 1728 2380 Pro-

245 2424 379 2465 bitatis
409 2421 709 2463 instaurandum
741 2422 905 2476 suscepi.
957 2419 1100 2474 Quem,
1136 2422 1167 2461 si
1190 2435 1325 2461 verum
1348 2419 1484 2469 video,
1518 2423 1557 2462 in
1582 2430 1729 2478 septem

244 2515 375 2563 partes
409 2505 640 2547 distribuere
672 2504 820 2554 licebit,
857 2518 1021 2561 quarum
1046 2504 1189 2560 prima
1210 2505 1410 2545 notionem
1432 2503 1613 2545 vocabuli
1635 2509 1730 2572 ἾΨΞ

246 2590 434 2645 explicat3
472 2589 651 2630 secunda
691 2587 804 2628 docet
843 2595 1083 2644 quapropter
1116 2572 1286 2654 58ᾏῖῧὶ
1324 2586 1467 2627 electus
1501 2589 1570 2636 sit3
1612 2590 1731 2629 tercia

248 2672 419 2713 ostendit
464 2670 791 2728 quemadmodum
838 2685 933 2728 gens
980 2671 1098 2711 electa
1139 2670 1457 2726 tranquillitatem
1496 2673 1729 2726 promissam

247 2763 360 2796 nacta
398 2757 468 2804 sit,
517 2761 665 2810 quarta
704 2736 875 2795 eontinet
912 2762 1119 2810 praecepta
1157 2752 1386 2809 probitatis3
1436 2754 1578 2809 quinta
1613 2753 1729 2794 bene-

247 2838 436 2879 dictiones
470 2845 507 2878 et
537 2844 651 2878 sema
682 2837 903 2893 triumphos
928 2836 1077 2877 Israelis
1110 2835 1328 2892 praedicat3
1361 2838 1533 2892 septima
1564 2836 1728 2893 denique

246 2920 408 2963 Davidis
441 2929 478 2962 et
511 2919 737 2963 Solomonis
769 2919 947 2962 fortunas
981 2921 1092 2976 quasi
1124 2927 1345 2975 praesentes
1378 2918 1595 2961 adumbrat.
