1867 3301
707 208 861 279 *14
870 209 988 278 {ss

102 351 329 390 stantissimi
369 348 586 396 dumnviri‚
628 347 776 388 Paulus
818 355 855 388 et
891 347 1052 396 Petrus,
1096 347 1159 387 hic
1199 346 1389 388 diluvium
1429 345 1592 396 Noachi,

104 433 164 473 ille
196 432 381 474 Exodum
412 431 686 481 Israelitarum,
722 440 860 487 typum
895 430 1014 472 fuisse
1037 439 1244 480 testantur,
1279 432 1346 487 qui
1379 445 1594 471 sacramen-

105 516 216 557 talem
252 514 567 558 Christianorum
608 517 865 557 initiationem
906 515 1250 572 praesignificaret.
1315 513 1424 568 Quae
1465 522 1593 554 autem

103 615 189 641 cum
229 602 341 642 tertio
382 601 524 656 quovis
557 601 826 648 consentiunt,
869 614 911 640 ea
949 601 1051 640 inter
1091 614 1130 640 se
1163 600 1409 640 consentiant
1438 592 1617 638 necesse‘'

103 692 173 725 est.
220 683 340 740 Ergo,
375 685 407 724 si
429 683 525 724 nihil
549 683 667 733 aliud,
701 691 741 724 at
761 682 1010 724 necessitudo
1039 682 1242 739 quaedam,
1268 682 1327 723 his
1351 681 1592 728 auctoribus,

103 769 203 808 inter
232 767 434 808 Diluvium
475 775 512 808 et
543 765 727 807 Exodum
771 768 1000 807 intercessit.
1066 765 1175 820 Quae
1216 766 1340 822 qualis
1375 765 1509 814 fucrit,
1550 773 1595 805 ut

101 852 393 907 perspiciamus,
428 850 741 892 sacramentalem
774 849 921 891 Diluvii
955 849 1280 907 significationem
1311 849 1444 905 paullo
1478 849 1594 889 altius

101 936 298 976 rimemur.
352 935 410 977 Ac
440 934 580 976 Petrus
615 934 769 990 quidem
804 930 844 987 (1
869 934 944 990 Ep.
966 933 1025 984 ΠΙ,
1052 932 1120 983 20,
1146 930 1219 986 21)
1253 935 1307 974 sic
1338 933 1516 988 loquitur
1548 931 1593 972 de

103 1033 191 1060 arca
212 1018 383 1059 Noachi:
416 1017 475 1066 εἷς
505 1017 557 1073 ἣν
580 1014 720 1069 ὀλίγαι
748 1016 980 1069 (τούτεστιν
1001 1013 1128 1069 ὀκτώ)
1158 1019 1299 1074 ψυχαὶ
1321 1015 1595 1070 διεσώθησαν

105 1099 364 1151 δι’ὕδατος,
405 1097 440 1158 ᾦ
480 1103 552 1142 καὶ
582 1098 690 1156 ἡμᾶς
729 1096 960 1143 οἷντίτυπον
1000 1101 1077 1142 νῦν
1114 1099 1232 1148 σώζει
1270 1099 1509 1153 βάπτισμα,
1543 1094 1595 1140 οὕ

104 1183 258 1238 σαρκὸς
298 1181 511 1233 ἀπόθεσις
550 1183 709 1239 ῥύπου,
749 1180 862 1225 ccmo>
905 1184 1182 1240 συνειδήσεως
1222 1181 1395 1238 ἀγαθῆς
1434 1178 1595 1236 ἐπεραί-

103 1284 214 1323 τημα
235 1265 262 1320 ¹)
295 1268 352 1316 εἷς
381 1267 491 1310 θεὸν
522 1265 578 1309 δι’
598 1265 1019 1324 ἆναστοὶσεωςἿησοῦ
1039 1267 1240 1320 Χριστοῦ.
1285 1267 1434 1308 Paulus
1466 1275 1595 1307 autem

104 1349 143 1405 (1
167 1351 259 1394 Cor.
282 1351 333 1401 X,
358 1349 398 1405 1)
422 1351 747 1394 Sacramentalem
769 1352 901 1393 Exodi
923 1352 1246 1409 significationem
1268 1353 1322 1393 ita
1344 1350 1594 1407 comprobat:

105 1433 155 1476 οὗ
177 1436 295 1477 θέλω
320 1434 367 1476 δὲ
388 1433 497 1490 ὑμᾶς
519 1433 702 1488 ἀγνοεῖν,
732 1433 932 1492 ἀδελφοὶ,
960 1434 1023 1477 ὅτι
1044 1433 1084 1476 οἳ
1105 1436 1282 1491 πατέρες
1302 1433 1421 1490 ἡμῶν
1441 1433 1597 1483 πάντες

104 1516 186 1560 ὑπὸ
214 1516 290 1575 τήν
315 1518 499 1575 νεφέλην
520 1517 647 1575 ἦσαν·
681 1522 751 1560 καὶ
773 1519 929 1568 πάντες
952 1515 1024 1560 διὰ
1047 1522 1118 1576 τῆς
1139 1519 1366 1574 θαλάσσης
1390 1517 1595 1573 διῆλθον·

104 1606 175 1644 καὶ
204 1602 359 1650 πάντες
390 1603 448 1651 εἷς
478 1600 554 1645 τὸν
576 1603 742 1659 ,Μωσῆν
763 1601 1049 1656 ἐβαπτίσαντο
1073 1602 1117 1644 ἕν
1138 1602 1186 1662 τῇ
1208 1601 1364 1661 νεφέλῃ
1388 1604 1460 1643 καὶ
1482 1601 1527 1642 ἕν
1549 1601 1598 1660 τῇ

106 1683 326 1745 θαλάσσῃ·
370 1689 441 1728 καὶ
472 1683 629 1736 πάντες
667 1683 713 1728 τὸ
755 1683 860 1729 αὐτὸ
900 1687 1052 1741 βρῶμα
1090 1683 1378 1740 πνευματικὸν
1417 1684 1595 1742 ἔφαγον,

104 1773 174 1811 καὶ
205 1767 362 1820 πάντες
393 1767 439 1812 τὸ
474 1767 578 1812 αὐτὸ
612 1770 729 1825 πόμα
762 1767 1052 1826 πνευματικὸν
1084 1768 1226 1820 ἔπιον,
1259 1768 1407 1812 ἔπινον
1439 1767 1519 1824 γὰρ
1553 1768 1597 1809 ἐκ

106 1854 390 1910 πνευματικῆς
422 1852 748 1910 ἀκολουθούσης
781 1856 948 1909 πέτρας,
980 1852 1003 1909 ἡ
1039 1853 1087 1896 δὲ
1119 1856 1253 1909 πέτρα
1283 1851 1334 1909 ἦν
1356 1852 1378 1894 ὁ
1401 1849 1598 1908 Χριστός.

105 1938 167 1979 Ex
204 1947 374 1995 utroque
415 1938 501 1980 loco
542 1947 670 1995 patet,
715 1953 855 1995 aquam
896 1938 1044 1979 Diluvii
1084 1947 1122 1979 et
1159 1938 1281 1979 Maris
1313 1936 1441 1978 Rubri
1479 1936 1598 1978 fuisse

108 2022 284 2062 medium
331 2029 449 2078 atque
495 2023 807 2063 instrumentum
850 2021 1035 2077 baptismi
1083 2021 1286 2071 salutaris;
1342 2020 1450 2061 Deus
1499 2022 1598 2061 enim

108 2102 206 2157 (Tit.
229 2105 287 2155 ΙΙΙ,
312 2103 355 2158 5)
390 2102 544 2147 ἔσωσεν
575 2103 686 2161 ἡμᾶς
720 2103 808 2146 διὰ
839 2104 1018 2159 λουτροῦ
1051 2103 1374 2156 παλιγγενεσίας
1396 2106 1467 2145 καὶ
1489 2101 1599 2145 ιῖιναΑ

107 2185 347 2236 καινώσεως
368 2185 610 2242 πνεύματος
632 2187 768 2240 ἁγίου.
814 2189 982 2230 Fallitur
1003 2198 1132 2231 autem
1147 2189 1397 2231 Wetstcnius
1421 2185 1476 2244 (p.
1495 2185 1598 2238 692)

109 2274 175 2328 qui
207 2280 441 2328 potestatem
472 2275 778 2330 praepositionis
812 2269 883 2314 διὰ
917 2273 1140 2330 ambiguam
1172 2288 1255 2315 csse
1289 2272 1473 2323 affirmat,
1509 2274 1599 2328 quia

110 2357 173 2396 »in
206 2355 354 2397 diluvio
389 2358 533 2398 servati
565 2366 658 2398 sunt
690 2373 740 2399 ex
771 2359 896 2414 aquis,
931 2359 971 2399 in
995 2357 1193 2414 baptismo
1209 2373 1291 2413 per
1312 2371 1466 2413 aquam,
1501 2371 1599 2412 quae

108 2439 244 2481 salutis
285 2442 440 2497 signum
473 2450 564 2483 ests<
625 2440 724 2482 Nam
757 2456 858 2499 aqna
890 2441 1075 2498 baptismi
1106 2443 1254 2498 peccati
1287 2441 1423 2483 sordes
1457 2439 1598 2489 abluit3

109 2538 210 2580 aqua
242 2523 378 2566 diluvii
409 2527 606 2582 peccantis
646 2525 782 2567 mundi
815 2525 971 2576 sordes,
1012 2527 1036 2566 i.
1071 2540 1103 2566 e.
1137 2525 1315 2566 homines
1355 2538 1523 2581 nequam
1564 2531 1602 2564 et

209 2665 232 2708 ¹)
265 2665 340 2699 Hoc
363 2665 564 2715 ἐπερώτημα
589 2666 630 2700 ad
657 2666 934 2713 baptizandorum
957 2665 1282 2700 abrenuntiationem
1301 2666 1466 2711 pertinere
1485 2670 1601 2711 postea

111 2735 299 2770 videbimus
325 2737 429 2779 (Part.
449 2737 508 2779 lv,
537 2744 713 2773 comment.
739 2738 779 2772 ad
804 2738 859 2773 Fr.
877 2737 931 2782 L).
981 2737 1075 2771 Hanc
1102 2737 1427 2772 abrenuntiationem
1456 2749 1495 2772 ex
1522 2749 1601 2771 con-

111 2807 187 2841 silio
223 2809 410 2853 primitivae
442 2808 599 2844 ecclesiae
633 2809 671 2844 ad
707 2809 946 2856 Aegyptiacam
985 2809 1210 2854 captivitatem
1250 2808 1391 2851 referre,
1432 2814 1521 2855 patet
1562 2820 1602 2842 ex

110 2879 267 2914 Ambros.
297 2880 437 2914 Hexam.
464 2879 490 2922 I,
516 2892 541 2916 c.
560 2880 592 2915 4.
631 2881 867 2928 -Derelinquit
893 2882 979 2915 enim
1007 2885 1038 2915 et
1067 2880 1193 2916 deserit
1219 2881 1276 2927 qui
1303 2880 1452 2915 abluitur
1477 2878 1602 2914 intelli-

111 2950 246 2997 gibilem
276 2951 370 2986 illum
397 2951 541 2996 Pharao,
566 2953 748 3000 principem
776 2954 875 2988 istius
902 2952 1046 2987 mundi.··
