1867 3301
803 187 1025 258 -..1712-

136 328 288 370 Jehova
321 328 681 385 »haudquaquam«
723 329 850 383 inquit
888 324 992 380 (nain
1027 342 1114 369 cum
1146 327 1271 369 LXX.
1306 327 1490 384 aliisque,
1534 343 1634 385 quos

138 414 230 452 citat
270 411 458 461 Dathius,
508 411 716 468 legendum
764 413 815 476 ἷζ)
857 394 981 463 NI7);
1031 412 1283 468 »quicunque
1325 419 1362 452 te
1402 411 1637 453 interfecerit

137 495 307 552 septupli
338 510 505 552 poenam
538 494 700 536 subibit.
713 511 728 529 <‹
777 494 828 536 Et
859 496 891 535 si
925 508 1179 550 quaeramus,
1215 495 1320 550 quali
1346 496 1458 551 signo
1483 494 1636 536 Jehova

138 577 306 632 Qainum
330 581 535 628 tutaverit,
571 593 723 620 summa
746 577 985 619 obscuritate
1009 578 1205 634 impeditis
1229 580 1431 634 suppetias
1455 578 1636 620 adveniet

136 662 404 703 Kinnaeornm
437 662 616 703 historia.
680 661 778 702 Nam
813 662 1078 718 quodcunque
1112 670 1224 703 antea
1256 670 1509 717 patraverant
1538 662 1636 703 Kin-

137 747 241 795 naei,
284 754 431 796 tamen,
475 760 596 802 quum
627 745 822 786 Israelitae
867 745 915 786 ad
954 746 1190 801 promissam
1224 754 1366 787 terram
1400 745 1632 795 transibant,

137 828 342 879 cavebant,
377 845 424 871 ne
458 844 574 886 quam
607 831 652 870 iis
683 831 762 870 vim
794 828 994 870 inferrent.
1043 829 1178 885 Itaque
1211 830 1363 870 curavit
1383 828 1555 879 Jehova,
1590 837 1637 870 ut

137 915 299 954 seorsim
331 921 369 954 et
400 913 556 954 discreti
589 929 611 954 a
643 915 779 954 ceteris
811 912 1092 968 Amalequitis,
1127 912 1188 953 vel
1221 914 1260 954 in
1292 912 1456 954 Petraea
1487 912 1636 954 Arabia

139 996 197 1038 vel
230 999 268 1037 in
300 997 540 1047 Palaestina,
582 996 826 1047 hahitarent3
868 1004 906 1037 et
938 1011 1060 1052 quum
1094 994 1258 1046 Saulus,
1295 997 1414 1052 jussu
1446 996 1632 1046 Jehovae,

138 1095 270 1121 omnes
309 1080 575 1137 Amalequitas
619 1080 808 1130 concidit,
849 1080 1015 1121 Kinnaei
1055 1082 1177 1136 agniti
1218 1088 1330 1130 sunt,
1374 1088 1411 1121 ct
1449 1082 1633 1136 exempti.

139 1164 242 1217 Quin
280 1167 393 1205 etiam
426 1165 558 1205 divina
596 1164 846 1221 providentia
878 1164 1037 1213 accidit,
1078 1172 1125 1204 ut
1156 1164 1294 1205 mulier
1325 1164 1503 1205 Kinnaea
1535 1165 1636 1204 inter

135 1247 327 1288 Israelitas
369 1248 570 1297 habitans,
611 1248 823 1305 perfidiosa
865 1248 929 1288 illa
971 1247 1129 1304 quidem
1170 1246 1284 1288 caede
1318 1256 1355 1288 et
1387 1262 1486 1304 quae
1520 1246 1634 1300 Qaini

136 1333 316 1387 spiritum
350 1341 521 1388 saperet,
558 1334 754 1372 communi
786 1331 1047 1374 Israelitarum
1081 1331 1288 1373 commodo
1324 1346 1481 1387 operam
1514 1345 1635 1371 nava-

138 1416 247 1456 verit.
310 1415 412 1456 Vide
445 1417 578 1472 igitur,
615 1415 800 1466 obsecro,
837 1414 1103 1456 admirabilem
1136 1415 1211 1456 loci
1244 1415 1420 1456 nondum
1452 1414 1635 1456 intellecti

137 1501 444 1556 congruentiam.
507 1498 742 1559 Poenitebat
777 1499 977 1540 Kinnaeos
1020 1513 1060 1540 se
1099 1498 1283 1540 Israelitis
1325 1507 1523 1540 cruentam
1556 1500 1635 1541 vim

138 1582 326 1624 intulisse.
388 1583 508 1640 Ergo,
545 1585 616 1624 etsi
650 1598 801 1640 semper
833 1581 1092 1640 vagabantur,
1127 1591 1165 1624 et
1197 1582 1365 1640 denique
1398 1584 1438 1624 in
1471 1583 1635 1638 captivi-

136 1674 254 1708 tatem
293 1665 451 1708 abducti
493 1676 606 1717 sunt,
648 1676 778 1708 tamen
817 1666 1074 1709 nihilominus
1115 1666 1163 1708 ab
1196 1667 1347 1708 Israelis
1385 1666 1558 1708 vindicta
1598 1674 1637 1707 et

136 1750 285 1792 ultione
324 1753 401 1791 tuti
440 1759 569 1801 crant,
613 1760 650 1792 et
682 1751 871 1792 divinitus
910 1752 1126 1792 immissum
1158 1750 1497 1808 Amalequitarum
1530 1752 1635 1791 exci-

137 1833 244 1874 dium
284 1834 518 1892 cffugerunt.
580 1834 637 1876 Ita
678 1837 808 1876 omnia
849 1834 1078 1885 cohaerent,
1120 1833 1303 1877 tenebrae
1345 1849 1479 1876 omnes
1520 1834 1635 1875 dissi-

134 1926 301 1973 pantur;
335 1927 372 1959 et
402 1919 497 1960 haec
530 1933 689 1976 quoque
711 1918 919 1960 Jasharani
950 1917 1039 1960 libri
1071 1919 1264 1975 particula
1296 1934 1412 1961 suum
1441 1918 1633 1960 honorem

137 2000 300 2042 obtinet.

486 2137 543 2182 IN
580 2136 978 2183 FRAGMENTUM
1017 2137 1286 2184 TERTIUM.

255 2253 437 2295 Vidimus
469 2253 609 2295 Habeli
641 2269 783 2296 nomen
814 2270 895 2296 non
927 2263 1004 2296 tam
1028 2254 1299 2296 Abrahamum
1330 2255 1481 2310 ipsum,
1517 2267 1633 2310 quam

136 2339 239 2395 piam
262 2337 478 2379 Abrahami
510 2337 691 2379 familiam
726 2338 941 2396 designare.
976 2337 1201 2388 Ceterum,
1237 2353 1359 2395 quum
1380 2337 1632 2380 Abrahamus

137 2421 282 2478 duplici
314 2424 470 2464 nomine
503 2424 748 2479 insigniatur,
784 2424 815 2463 is
840 2437 999 2479 quoque
1032 2422 1179 2478 duplici
1200 2437 1360 2463 munere
1382 2420 1631 2478 fungebatur.

134 2505 228 2546 Fuit
266 2507 365 2547 enim
407 2522 488 2547 non
527 2506 644 2547 modo
694 2506 917 2563 relligiosus
961 2506 1023 2547 ille
1063 2506 1251 2563 parvulae
1290 2505 1359 2547 sed
1398 2504 1633 2546 fortissimae

138 2590 333 2630 societatis
366 2589 546 2646 signifer,
582 2592 649 2646 qui
683 2606 703 2631 a
735 2589 1061 2631 latrocinantibus
1094 2589 1239 2646 regulis
1272 2588 1456 2644 praedam
1489 2590 1635 2645 eripuit

139 2668 259 2724 (Gen.
282 2672 387 2722 XIV,
416 2672 480 2723 15,
510 2670 606 2726 16),
642 2682 680 2714 et
712 2675 778 2730 qui
812 2688 898 2714 cum
932 2673 1016 2714 aliis
1051 2672 1355 2714 Canaanitarum
1387 2670 1632 2729 principibus

137 2754 407 2811 paciscebatur
439 2753 559 2809 (Gen.
589 2757 704 2806 XIX,
736 2754 910 2810 XXIII),
945 2772 1080 2797 verum
1114 2758 1229 2797 etiam
1262 2756 1456 2813 significat
1488 2755 1633 2797 tribuni

137 2840 270 2895 stirpis
312 2837 515 2880 Semiticae
553 2843 888 2898 praerogativam,
939 2855 960 2880 a
1001 2854 1079 2896 qua
1121 2848 1179 2880 tot
1216 2848 1351 2897 gentes
1393 2842 1432 2881 in
1470 2839 1631 2889 Arabia,

137 2922 337 2972 Idumaea,
373 2930 410 2964 et
440 2923 660 2966 Palaestina
694 2926 884 2980 originem
918 2938 1027 2965 suam
1063 2931 1279 2965 traxerunt.
1341 2924 1473 2980 Atque
1505 2923 1634 2966 Abra—

1298 3003 1347 3038 8*
