1867 3301
935 212 1123 285 122*m

239 362 275 393 et
307 353 377 393 I)ei
411 352 563 394 decreta
595 353 835 409 antiquanda
867 354 1082 402 censuisse;
1120 353 1291 394 Esavum
1326 368 1430 403 vero,
1466 364 1627 411 propter
1659 355 1724 396 de-

240 436 378 477 fectum
421 436 493 477 cibi
536 437 637 477 illius
678 435 808 485 serini,
853 450 930 492 quo
972 444 1121 492 patrem
1161 436 1234 477 sibi
1276 437 1523 487 devinxerat,
1559 439 1649 493 jura
1687 447 1724 479 et

239 520 409 560 honores
452 528 701 576 posterorum
742 534 905 560 suorum
946 528 1088 560 temere
1121 518 1325 575 abjecisse,
1367 529 1504 577 atque,
1546 529 1591 562 ut
1621 520 1724 562 dona

238 606 453 660 praesentis
485 603 605 645 horae
639 611 831 659 carperet,
875 602 988 645 fidem
1021 603 1143 653 illam,
1184 617 1283 660 quae
1315 613 1373 645 est
1404 619 1534 646 rerum
1566 619 1724 661 speran-

240 688 374 728 darum
409 687 647 737 substantia,
681 701 809 728 rerum
843 686 1018 728 nondum
1045 689 1315 743 apparentium
1339 687 1609 744 comprobatio
1634 685 1722 744 (Ep.

239 769 427 813 adIIebr.
451 770 524 820 XI,
553 766 613 823 1),
655 785 820 827 prorsus
860 772 1054 827 sprevisse
1093 779 1131 812 et
1171 773 1472 827 contempsisse:
1519 770 1593 812 fuit
1625 772 1724 812 enim

238 853 394 908 πόρνος
426 855 496 894 καὶ
525 853 704 909 βέβηλος
735 856 759 894 i.
785 869 815 895 e.
846 854 1089 895 idololatriae
1120 856 1349 895 scortationi
1375 854 1529 896 deditus
1553 863 1591 896 et
1612 869 1725 896 verae

239 938 451 995 relligionis
492 939 717 993 impatiens,
761 935 808 985 ὃς
839 934 932 978 ἀντὶ
963 936 1158 992 βρώσεως
1188 939 1307 990 μιᾶς,
1350 940 1373 978 i.
1401 952 1432 978 e.
1468 946 1512 978 ut
1544 938 1615 994 hac
1646 940 1726 979 vita

239 1022 451 1071 frueretur,
494 1018 681 1061 ἀπέδοτο
721 1017 772 1060 τά
815 1019 1080 1074 πρωτοτόκια
1119 1018 1292 1069 ἑαυτοῦ,
1339 1023 1362 1061 i.
1395 1035 1426 1061 e.
1462 1020 1724 1062 conditionem

237 1105 446 1162 probitatis
480 1103 742 1145 restituendae
775 1103 915 1159 abjecit
949 1101 1044 1160 (Ep.
1069 1103 1118 1144 ad
1139 1102 1257 1144 Hebr.
1281 1103 1371 1153 XII,
1400 1101 1492 1156 16).

356 1188 522 1229 Diversa
554 1190 654 1228 vitae
687 1189 800 1237 ratio,
836 1202 951 1243 quam
983 1188 1236 1244 gemellorum
1268 1186 1429 1228 fratrum
1460 1196 1624 1244 uterque
1647 1203 1726 1229 aln-

238 1273 439 1328 plectitur,
485 1287 565 1312 non
607 1273 688 1312 sine
727 1279 924 1312 momento
966 1279 1023 1312 est
1055 1273 1093 1311 in
1125 1271 1321 1327 relligiosa
1352 1271 1471 1327 hujus
1503 1271 1725 1328 Fragmenti

239 1357 494 1397 enarratione.
557 1353 698 1396 Voluit
733 1353 996 1410 proculdubio
1031 1354 1246 1410 significare
1280 1356 1331 1404 is,
1374 1356 1440 1411 qui
1471 1354 1725 1396 Jasharanam

239 1439 505 1495 anthologiam
531 1438 775 1495 compilavit,
810 1452 936 1494 neque
959 1438 1161 1495 agricolas,
1196 1446 1241 1479 ut
1264 1436 1449 1491 Qainum,
1476 1452 1602 1495 neque
1623 1453 1726 1479 erra-

237 1522 395 1564 bundos
429 1531 466 1564 et
490 1524 688 1563 venaticos
722 1522 912 1570 homines,
947 1530 992 1562 ut
1012 1521 1214 1563 Ismaelum
1239 1530 1277 1562 et
1297 1521 1489 1571 Esavum‚
1522 1529 1726 1578 tantopere

239 1606 554 1648 accommodatos
595 1619 678 1646 esse
719 1613 835 1661 atque
875 1604 1059 1654 idoneos,
1104 1604 1152 1645 ad
1192 1607 1374 1660 pietatem
1415 1613 1453 1646 et
1490 1604 1726 1661 probitatem

240 1686 385 1757 (Ἶῖξῖἶ)
418 1689 643 1738 tutandam,
680 1703 796 1744 quam
828 1690 938 1728 mites
971 1688 1058 1728 illos
1092 1696 1129 1729 et
1159 1690 1389 1744 pastoritios
1411 1687 1610 1738 nomades,
1644 1690 1724 1745 qui,

239 1776 339 1814 sicut
370 1771 542 1814 IIabelus
576 1781 613 1813 ct
643 1771 835 1820 Jacobus,
879 1773 978 1812 inter
1017 1785 1153 1828 greges
1187 1786 1281 1812 suos
1312 1771 1520 1813 revelatam
1552 1771 1623 1813 Dei
1656 1786 1727 1814 vo-

238 1858 425 1899 luntatem
465 1855 765 1898 meditabantur.
828 1854 925 1896 Rem
968 1856 1020 1895 ita
1061 1868 1100 1894 se
1142 1853 1325 1895 habuisse
1366 1857 1623 1896 certissimum
1655 1863 1724 1897 est.

237 1939 373 1997 Neque
405 1942 505 1981 enim
536 1942 637 1980 inter
669 1939 862 1980 excultam
884 1939 1059 1995 Aegypti
1091 1938 1413 1995 magnificentiam
1437 1946 1474 1979 et
1495 1938 1724 1988 doctrinam,

238 2024 307 2065 ubi
340 2038 472 2065 omnes
506 2023 653 2064 incolae
687 2038 708 2062 a
739 2022 966 2078 pastoribus
1000 2019 1266 2062 abhorrebant
1298 2018 1418 2074 (Gen.
1448 2021 1596 2070 XLVI,
1625 2018 1724 2075 fin.),

239 2122 363 2164 neque
395 2115 607 2163 postquam
640 2106 846 2162 opulentas
869 2105 1110 2146 Palaestinae
1144 2106 1318 2145 civitates
1340 2107 1379 2145 vi
1412 2113 1449 2146 et
1473 2107 1589 2146 armis
1612 2119 1727 2146 occu-

238 2199 445 2247 paverant,
489 2189 557 2230 sed
597 2191 637 2229 in
677 2188 830 2229 deserto
872 2187 1042 2230 Arabiae
1081 2202 1168 2228 cum
1209 2190 1390 2229 armentis
1432 2190 1513 2229 suis
1552 2188 1726 2244 palantes

238 2273 439 2314 Hebraeos
479 2272 611 2313 Moses
659 2271 742 2311 illas
792 2271 980 2312 divinitus
1021 2271 1117 2312 latas
1159 2271 1263 2328 leges
1303 2271 1523 2313 edocendos
1564 2273 1725 2313 curavit.

238 2358 422 2399 Pastores
455 2357 574 2413 igitur
606 2354 770 2410 simplici
803 2356 909 2395 victu
939 2362 1093 2395 utentes
1125 2353 1346 2395 rudimenta
1377 2356 1478 2395 vitae
1511 2363 1627 2410 atque
1659 2354 1727 2395 ali-

239 2449 368 2482 menta
405 2440 553 2479 animae
585 2437 768 2479 famelicis
800 2439 923 2478 totius
958 2435 1064 2477 orbis
1096 2436 1279 2493 gentibus
1313 2436 1634 2494 suppeditabant,
1675 2446 1724 2487 et,

239 2526 278 2565 in
318 2523 514 2580 relligiosa
553 2522 617 2562 illa
655 2520 892 2562 haereditate
933 2519 1141 2568 cernenda,
1183 2520 1429 2561 doctissimos
1472 2534 1651 2577 quosque
1690 2529 1728 2562 et

238 2607 534 2662 potentissimos
572 2613 610 2646 et
640 2605 759 2660 hujus
791 2606 893 2646 vitae
926 2602 1216 2645 oblectamentis
1248 2602 1522 2645 refertissimos
1554 2603 1725 2660 populos

241 2688 607 2745 supplantaverunt.

357 2772 412 2813 At
444 2773 543 2812 enim
565 2785 671 2820 vero,
706 2784 753 2811 ne
786 2771 874 2826 quis
907 2768 1003 2811 illud
1036 2768 1188 2810 divinae
1220 2768 1567 2828 προσωποληψίᾳ
1597 2769 1724 2820 ducat,

242 2855 351 2913 quod
371 2854 478 2896 Deus
512 2857 684 2910 optimus
717 2856 910 2895 maximus
945 2853 1073 2895 dicens
1102 2852 1319 2894 inducitur:
1353 2852 1572 2895 »Jacobum
1594 2852 1723 2902 dilexi,

240 2939 411 2981 Esavum
452 2946 579 2981 autem
613 2937 704 2980 odio
739 2937 885 2979 habui«
927 2934 1118 2990 (Malach.
1149 2936 1183 2986 Ι,
1215 2935 1254 2979 3.
1304 2937 1352 2979 ad
1379 2936 1495 2979 Rom.
1524 2935 1599 2987 lx,
1632 2933 1723 2989 13),
