1867 3301
159 318 294 374 disse,
343 318 550 363 Alcaeum
590 324 842 378 ceterosque
880 317 1063 377 Lyricos
1104 317 1322 361 invenisse
1362 317 1433 376 qui
1472 316 1649 377 disjecta

156 411 351 468 ipsorum
379 407 571 452 membra
593 407 863 467 colligc1¹0nt3
890 409 1101 451 neminem
1122 413 1267 451 autem
1290 421 1444 466 operae
1464 408 1649 467 pretium

158 498 337 543 duxisse
360 497 537 543 eundem
557 497 751 541 laborem
770 498 1085 541 vetustissimis
1109 495 1269 541 Sacrae
1291 496 1540 557 Scripturae
1561 512 1649 541 mo-

155 590 370 633 numentis
406 586 628 641 adhibere,
664 589 921 647 praesertim
949 602 1082 647 quum
1116 587 1199 632 hoc
1234 586 1361 631 modo
1400 587 1649 632 descensuri

156 680 293 722 simus
331 677 385 722 ad
420 679 616 721 intimam
644 677 785 721 Divini
814 676 929 721 Libri
965 677 1208 721 medullam.
1261 677 1411 736 Itaque
1439 684 1647 736 expertus

155 783 251 812 sum
280 783 383 811 num
408 767 499 811 fieri
526 774 696 826 posset,
732 774 783 811 ut
812 766 1035 812 defossum
1064 767 1178 811 hunc
1205 766 1422 811 revelatae
1448 768 1647 812 veritatis

158 857 412 902 thesaurum
441 872 495 902 ex
521 857 788 902 Herculaneo
828 872 908 902 suo
944 859 985 901 in
1021 857 1194 901 luminis
1233 872 1333 901 oras
1362 858 1522 901 iterum
1550 857 1648 900 edu-

154 962 305 992 cerem.
359 947 437 996 Qui
465 955 648 992 conatus
685 950 720 991 si
748 947 850 991 mihi
879 963 932 991 ex
961 949 1174 992 sententia
1198 949 1480 1007 processerit,
1519 962 1645 1007 spero

153 1035 243 1081 fore
269 1045 319 1082 ut
343 1052 502 1081 novam
527 1039 608 1082 toti
632 1037 875 1097 theologiae
901 1037 1039 1082 lucem
1068 1037 1347 1082 accenderim.
1388 1037 1462 1081 Sin
1487 1038 1645 1091 minus,

152 1127 350 1181 μεγάλων
380 1126 712 1171 ἀπολισθαίνειν
744 1128 857 1183 ὅμως
889 1124 1055 1180 εὐγενὲς
1087 1125 1331 1185 ἁμάρτημα.

270 1216 331 1260 De
364 1209 463 1275 ipsa
497 1216 593 1260 libri
631 1216 895 1261 confectione
930 1232 1016 1261 non
1052 1232 1161 1277 opus
1200 1224 1266 1262 est
1291 1224 1342 1261 ut
1367 1216 1535 1276 prolixe
1562 1216 1646 1262 dis-

151 1319 307 1350 seram.
358 1305 404 1350 In
440 1306 546 1351 locis
574 1305 798 1351 Hebraicis
825 1306 974 1350 Latine
1012 1306 1279 1351 declarandis
1317 1309 1359 1351 in
1384 1323 1504 1352 meos
1532 1323 1644 1352 usus

151 1395 477 1441 accommodavi
512 1396 796 1456 quodcunque
831 1396 946 1457 apud
982 1396 1208 1450 Dathium,
1254 1397 1642 1451 Rosenmiillerum,

149 1485 484 1546 Hieronymum,
517 1486 700 1546 probam
726 1487 1004 1531 Latinitatem
1031 1502 1129 1531 cutm
1157 1494 1365 1531 accurata
1391 1489 1644 1547 interpreta-

148 1576 262 1619 tione
299 1577 573 1637 eonjunctam
611 1576 845 1622 exhiberet.
905 1577 1017 1622 Nam
1051 1577 1156 1621 nihil
1191 1576 1278 1621 fere
1308 1577 1535 1623 molestius
1564 1585 1642 1632 est,

149 1680 280 1725 quam
325 1666 499 1712 diversa
534 1667 725 1728 ejusdem
762 1667 1089 1728 significationis
1125 1666 1343 1712 vocabula
1379 1670 1641 1728 conquirere.

146 1754 193 1800 In
229 1758 336 1801 meis
372 1759 510 1817 ipsius
549 1757 886 1818 cogitationibus
925 1758 1215 1817 exprimendis
1242 1758 1450 1818 puerilem
1479 1758 1642 1802 Cicero-

146 1847 299 1891 nianae
325 1849 529 1907 puritatis
559 1848 785 1908 gloriolam
814 1855 1078 1908 aspernatus
1107 1864 1217 1893 sum.
1266 1848 1374 1892 Illud
1400 1848 1505 1892 mihi
1531 1850 1640 1893 satis

148 1944 240 1980 erat
273 1944 323 1981 ut
357 1939 448 1982 sine
481 1937 744 1983 calamistris
774 1945 815 1983 et
840 1937 999 1983 fucatis
1026 1938 1350 1983 medicamentis
1378 1953 1520 1983 meam
1547 1953 1642 1982 sen-

149 2027 325 2070 tentiam
357 2029 410 2072 iis
446 2028 621 2087 planam
650 2028 859 2083 facerem,
899 2043 1009 2087 quos
1036 2030 1266 2087 praecipue
1294 2028 1483 2087 appello,
1520 2027 1641 2072 theo-

145 2113 271 2173 logis,
301 2117 373 2174 qui
399 2116 542 2161 latiori
570 2119 743 2162 criticae
768 2117 1036 2162 incumbunt.

265 2204 436 2250 Textus
473 2207 790 2252 Masorethicos
835 2207 948 2252 unde
991 2206 1098 2251 haec
1135 2207 1399 2267 Fragmenta
1434 2215 1538 2252 sunt
1573 2208 1640 2252 de-

145 2301 322 2354 sumpta
349 2295 640 2356 subjiciendos
668 2299 834 2357 putavi,
861 2313 949 2342 non
975 2296 1103 2342 modo
1129 2304 1180 2341 ut
1199 2297 1503 2358 theologorum
1525 2314 1639 2343 eom-

143 2384 283 2429 modiS
312 2386 606 2442 consulerem,
638 2402 792 2432 verum
820 2390 948 2432 etiam
980 2402 1128 2432 eorum
1157 2390 1319 2447 gratia,
1359 2390 1396 2433 si
1424 2390 1495 2448 qui
1523 2396 1637 2441 sunt,

145 2476 217 2533 qui
250 2474 357 2520 haec
391 2475 634 2536 Excerpta,
669 2485 879 2538 tanquam
909 2477 1306 2523 Chrestomathiam
1344 2478 1556 2538 aliquam,
1596 2480 1638 2522 in

145 2563 306 2609 scholis
342 2565 567 2611 Hebraicis
604 2566 806 2612 adhibere.
841 2583 926 2613 non
965 2568 1322 2628 dedignabuntur.
1374 2568 1485 2613 Nam
1519 2568 1638 2629 quid-

145 2653 246 2712 quid
279 2657 512 2700 statuerint
544 2656 740 2702 homines
778 2657 827 2701 de
861 2657 958 2702 libri
983 2658 1218 2702 Jasharani
1245 2660 1429 2703 materia
1457 2666 1498 2703 et
1523 2675 1637 2704 com-

144 2744 379 2802 positione,
420 2759 545 2789 nemo
582 2753 726 2790 tamen
761 2747 920 2792 infitias
957 2747 1035 2792 ibit
1067 2747 1149 2792 hoc
1175 2748 1395 2793 volumine
1432 2751 1635 2794 contineri

144 2833 494 2892 antiquissimam
531 2835 792 2896 eandemque
830 2836 1165 2897 pulcherrimam
1193 2840 1430 2884 carminum
1459 2839 1635 2883 Hebrai-

145 2937 293 2967 corum
321 2923 630 2983 anthologiam.
