1867 3301
955 171 1056 219 262

258 324 373 371 atque
407 300 618 369 adjuvante
641 311 812 361 Debora,
846 311 1099 368 prophetissa
1124 311 1321 360 Bethelea,
1356 324 1455 367 quae
1487 323 1627 366 magna
1658 318 1752 351 tunc

260 399 445 453 temporis
486 397 717 437 auctoritate
756 394 863 451 apud
895 409 989 435 suos
1022 394 1187 443 valeret,
1230 393 1429 435 Taborem
1460 401 1632 434 montem
1664 407 1749 434 cum

258 479 411 537 exiguis
446 481 568 535 copiis
603 486 845 534 occupasset,
880 486 996 534 atque
1027 477 1117 518 inde
1147 476 1280 518 subito
1303 479 1464 518 incursu
1485 478 1663 533 interque
1687 490 1751 517 ve-

257 564 588 605 hementissimam
614 561 660 602 de
686 561 794 602 coelo
818 569 1088 617 tempestatem
1115 560 1261 602 ferreos
1289 560 1420 602 Sisrae
1445 574 1582 601 currus
1605 567 1752 601 totum-

258 662 333 703 que
358 645 663 688 Canaanitarum
695 646 908 685 exercitum
941 643 1123 684 funderet
1153 658 1196 684 ac
1228 643 1393 701 fugaret.
1437 642 1563 697 Quam
1595 642 1752 700 quidem

256 731 480 779 victoriam,
521 737 569 778 et,
605 730 670 784 qui
706 742 755 768 ex
787 742 831 768 ea
862 722 1066 783 profluxit,
1101 729 1251 769 exitum
1284 726 1415 768 Sisrae
1448 727 1562 783 plane
1593 728 1752 768 misera-

255 813 391 862 bilem,
426 827 524 862 una,
559 820 605 853 ut
628 812 794 861 videtur,
829 819 1135 852 commemorant
1155 809 1314 852 Debora
1337 818 1375 851 et
1396 809 1512 851 Sufes
1534 810 1595 851 ille
1616 808 1753 867 Naph-

260 897 406 938 thalita.
454 897 646 952 Imprimis
679 897 812 951 igitur,
846 903 892 935 ut
921 909 943 934 a
962 896 1150 950 temporis
1175 893 1423 934 ordinatione
1444 895 1638 949 incipiam,
1671 908 1752 935 ser-

256 981 393 1020 vitium
435 979 533 1020 illud
571 978 778 1020 Jabineum
818 979 947 1018 statim
996 985 1090 1032 post
1132 976 1324 1018 Othnielis
1365 985 1531 1017 mortem
1568 976 1751 1018 Israelitis

256 1064 475 1119 injunctum
508 1062 628 1103 fuisse
661 1069 836 1117 apparet,
871 1063 938 1117 qui
970 1069 1066 1101 tunc
1098 1060 1227 1102 denuo
1249 1060 1441 1102 Jehovam
1473 1061 1640 1116 peccatis
1669 1061 1751 1102 suis

257 1146 513 1187 offenderant.
559 1144 695 1201 Neque
728 1144 825 1185 illud
854 1159 928 1199 pro
963 1143 1190 1185 difficultate
1222 1143 1447 1185 habendum
1476 1152 1546 1193 est,
1580 1142 1690 1200 quod
1710 1145 1750 1186 in

257 1232 381 1286 capite
412 1231 530 1271 tertio
565 1230 752 1284 scriptum
786 1229 1005 1269 invenimus
1034 1253 1080 1257 —
1108 1242 1257 1284 nempe,
1293 1227 1568 1284 Shamgarem,
1602 1226 1751 1270 Anathi

255 1314 397 1362 filium,
431 1321 524 1370 post
548 1310 740 1354 Othnielis
774 1311 975 1353 decessum
1008 1313 1110 1352 cives
1143 1326 1238 1352 suos
1261 1327 1283 1352 a
1303 1311 1525 1352 Philistaeis
1552 1309 1749 1352 liberasse.

256 1397 403 1453 Aperte
437 1398 537 1438 enim
571 1396 814 1438 demonstrat
843 1394 1049 1436 Canticum
1080 1403 1261 1436 nostrum
1295 1391 1348 1448 (V.
1373 1393 1431 1447 6),
1463 1393 1656 1436 Israelitas
1687 1393 1752 1435 illa

256 1484 343 1537 ipsa
375 1479 603 1537 Shamgaris
637 1487 761 1520 aetate
793 1487 873 1520 tam
915 1478 1052 1520 humili
1084 1493 1128 1519 ac
1160 1478 1329 1519 demisso
1364 1477 1483 1519 fuisse
1515 1478 1664 1526 animo,
1707 1485 1753 1518 ut

256 1578 326 1620 per
358 1564 650 1620 qualescunque
689 1565 923 1619 angiportus
965 1570 1003 1603 et
1041 1570 1149 1602 trans
1190 1561 1349 1602 limitem
1382 1563 1465 1602 viae
1504 1561 1750 1601 inimicorum

256 1655 363 1688 metu
396 1646 641 1704 obreperent.
684 1645 726 1686 Si
759 1647 880 1702 igitur
901 1645 961 1685 vel
988 1645 1197 1700 plusquam
1219 1653 1425 1686 sexcentos
1448 1644 1751 1685 Philistacorum

257 1732 366 1772 humi
400 1732 603 1771 stravisset
634 1744 733 1786 grex
763 1728 824 1769 ille
856 1727 1121 1769 bubulcorum
1153 1730 1215 1768 cui
1238 1727 1409 1784 praefuit
1431 1726 1636 1784 Shamgar,
1669 1741 1751 1768 non

257 1814 345 1856 ideo
386 1813 608 1871 putandum
648 1821 706 1854 est
753 1812 828 1854 late
877 1820 1073 1868 patentem
1114 1811 1217 1852 illam
1258 1811 1583 1860 dominationem,
1634 1824 1751 1867 quam

256 1897 422 1941 Jahinus
456 1899 556 1938 inter
578 1895 902 1952 septentrionales
931 1894 1148 1944 exercebat,
1182 1895 1282 1936 illico
1307 1893 1596 1936 collabefactam
1617 1892 1748 1936 fuisse.

260 1981 535 2037 Quodcunque
568 1982 783 2037 patraverit
815 1978 1029 2035 Shamgar,
1068 1978 1109 2019 id
1139 1980 1240 2020 inter
1271 1993 1334 2020 eas
1367 1966 1627 2035 agricolarum
1659 1992 1751 2019 con-

258 2064 504 2107 turbationes
546 2062 831 2105 numerandum
872 2071 950 2112 est,
994 2076 1092 2118 quac
1126 2064 1352 2104 servitutem
1393 2064 1568 2104 omnium
1599 2063 1752 2103 variant

259 2150 393 2204 potius
427 2162 545 2203 quam
577 2155 770 2188 evertunt.
819 2145 862 2188 Si
894 2153 1047 2187 textum
1077 2153 1259 2186 nostrum
1291 2147 1504 2202 sequimur,
1537 2160 1610 2202 pro
1645 2153 1749 2186 certo

260 2231 484 2272 habendum
516 2239 585 2280 est,
619 2230 749 2272 Jabini
781 2238 1016 2286 potestatem
1037 2228 1313 2285 perduravisse
1339 2228 1387 2270 ab
1411 2227 1604 2270 Othnielis
1625 2236 1751 2270 morte

259 2329 384 2370 usque
418 2314 467 2355 ad
499 2314 539 2355 id
570 2315 759 2370 temporis
792 2327 897 2369 »quo
921 2312 1079 2354 Debora
1104 2320 1293 2369 surgeret,
1328 2327 1407 2369 quo
1431 2320 1610 2369 surgeret
1628 2319 1751 2354 mater

259 2398 422 2440 Israelis.
437 2414 453 2431 «

377 2480 464 2522 Jam
496 2496 590 2523 vero
613 2480 778 2523 Jabinus
809 2487 956 2528 noster,
993 2476 1201 2520 Chatzoris
1233 2492 1315 2528 rex,
1350 2477 1451 2519 idem
1483 2491 1627 2518 nomen
1659 2492 1750 2520 ean-

260 2565 346 2606 dem
379 2564 685 2606 dominationem
717 2563 848 2612 habet,
882 2577 999 2619 quam
1030 2569 1142 2603 vetus
1176 2561 1237 2602 ille
1270 2560 1644 2617 Septentrionalium
1676 2560 1750 2604 Ca-

260 2650 505 2689 naanitarum
538 2647 716 2704 signifer,
752 2662 866 2703 quem
897 2646 1042 2695 Josua,
1075 2647 1107 2686 si
1138 2645 1425 2686 Masorethicos
1459 2644 1591 2694 audis,
1625 2644 1748 2686 multo

261 2739 349 2772 ante
382 2731 587 2772 devicerat.
641 2730 740 2771 Illud
772 2744 932 2787 quoque
964 2729 1239 2771 observatione
1273 2727 1434 2785 dignum
1466 2736 1536 2778 est,
1571 2727 1680 2784 quod
1710 2729 1750 2769 in

261 2814 334 2855 hac
364 2814 531 2855 historia
551 2813 716 2856 Jabinus
746 2814 808 2855 ille
829 2815 969 2864 minor,
1004 2815 1036 2854 si
1057 2827 1138 2854 non
1160 2811 1260 2853 idem
1282 2811 1410 2862 suerit,
1444 2810 1749 2869 haudquaquam

263 2899 375 2953 quasi
407 2905 516 2939 actor
547 2906 745 2953 appareat.
797 2896 936 2940 Omnia
966 2911 1035 2953 per
1062 2895 1209 2937 Sisram
1240 2903 1432 2952 geruntur
1459 2919 1504 2925 ——
1532 2893 1642 2937 Sisra
1672 2892 1747 2936 fer-
