1867 3301
810 203 905 250 155

344 346 397 388 Et
428 348 483 387 sic
514 359 581 386 eos
615 344 828 395 deleverit,
866 344 1198 402 quemadmodum
1230 345 1349 387 hodie
1383 355 1547 388 constat.

104 439 249 469 Deut.X1.
271 441 312 475 [5]
345 429 552 487 Vobisque
585 443 685 486 quae
710 429 843 471 fecerit
865 431 904 470 in
927 430 1093 479 deserto,
1130 429 1254 471 donec
1278 429 1328 471 ad
1350 429 1456 471 hunc
1477 430 1607 472 locum

887 514 1068 554 veniretis
1092 508 1132 566 ¹).

146 610 219 636 7-9.
271 608 312 642 [7]
347 596 459 639 Oculi
492 599 612 637 vestri
645 596 831 638 viderunt
863 599 993 639 onmia
1023 598 1166 638 eximia
1196 595 1371 639 Jehovae
1408 596 1520 639 facta.

273 692 313 726 [s]
348 680 541 735 Quocirca
573 680 780 722 observate
811 683 997 722 universa
1026 681 1132 722 Illius
1164 680 1366 731 mandata,

348 763 455 818 Quae
488 779 560 822 ego
593 764 712 806 hodie
743 767 941 822 praecipio
975 764 1102 815 vobis,

347 847 400 890 Ut
435 850 598 905 possitis
638 849 790 906 ingredi
827 858 865 891 et
895 848 1099 906 possidere
1130 857 1293 899 terram,
1337 850 1449 906 eujus
1482 864 1599 892 causa

886 933 1032 975 flumen
1062 932 1263 988 trajecturi
1295 935 1400 983 estis,

274 1028 315 1062 [9]
348 1016 505 1073 Diuque
538 1018 577 1057 in
609 1031 653 1058 ea
683 1018 855 1074 regione*
875 1018 1029 1066 vivatis,

349 1099 474 1154 Quam
506 1100 722 1156 majoribus
747 1102 887 1142 vestris
911 1115 1126 1157 eorumque
1148 1103 1319 1157 posteris
1339 1101 1603 1158 jurejurando

886 1186 1069 1241 promisit
1098 1184 1273 1236 jehova,

350 1268 512 1311 Terram
544 1268 641 1311 lacte
674 1277 712 1310 et
742 1268 852 1310 melle
884 1277 1117 1311 manantem.

502 1611 900 1687 FRAGMENTUM
939 1612 1208 1659 TERTIUM.

620 1725 855 1763 Obedientiae
878 1726 1087 1763 inculcatio.

105 1926 324 1997 I'esstjgffn’u]
352 1937 672 1998 Unumquodque
711 1948 962 1997 praeceptum
1005 1939 1115 1996 quod
1151 1940 1222 1982 tibi
1254 1942 1451 1998 praecipio
1486 1941 1603 1983 hodie

891 2038 982 2065 eave
1015 2023 1146 2074 facias,

350 2104 402 2150 Ut
431 2109 595 2163 possitis
629 2109 780 2157 vivere,
816 2116 854 2148 et
885 2107 1154 2164 multiplicari,

348 2191 400 2233 Et
423 2193 587 2250 ingressi
609 2190 845 2248 possideatis
867 2200 1010 2233 terram
1033 2206 1150 2249 quam
1171 2191 1323 2233 Jehova
1341 2193 1601 2248 jurejurando

886 2275 1066 2332 patribus
1099 2278 1239 2318 vestris
1272 2278 1466 2333 promisit.

276 2371 318 2405 [2]
349 2359 401 2402 Et
432 2374 580 2401 memor
612 2362 686 2401 eris
720 2362 847 2401 cuncti
879 2361 1041 2410 itineris,

351 2443 440 2498 Quo
473 2452 510 2485 te
536 2444 688 2486 Jehova
710 2444 817 2486 Deus
849 2453 942 2486 tuus
976 2444 1050 2485 hos
1085 2443 1345 2501 quadraginta
1377 2459 1501 2486 annos
1535 2460 1603 2501 per

888 2528 1085 2570 desertum
1119 2527 1254 2577 duxit,

351 2611 402 2654 Ut
433 2620 471 2653 te
502 2612 762 2670 pertentando
798 2611 987 2670 affligeret
1021 2621 1058 2653 et
1088 2621 1201 2653 tuum
1235 2626 1302 2654 cor
1334 2613 1521 2669 aperiret,

212 2757 234 2801 ¹)
268 2756 476 2804 Compilator
495 2759 668 2795 Leviticus
696 2759 841 2806 aliquam
870 2759 908 2794 de
928 2759 1068 2793 Dathani
1098 2765 1129 2793 οι
1147 2759 1297 2793 Abirami
1324 2759 1490 2795 seditione
1509 2771 1601 2795 men-

109 2823 234 2857 tionem
263 2823 326 2857 huc
352 2823 496 2859 infersit.
539 2825 607 2860 Sed
635 2837 764 2861 carmen
793 2826 1012 2873 archetypum
1038 2825 1189 2871 profecto
1217 2825 1300 2860 nihil
1321 2826 1602 2861 commemorabat

108 2893 239 2934 praeter
265 2889 382 2923 miram
408 2889 636 2926 Israelitarum
669 2903 709 2927 ex
736 2892 891 2938 Aegypto
919 2891 1035 2938 fugam
1062 2896 1093 2926 et
1119 2892 1235 2926 miram
1263 2903 1379 2927 eorum
1406 2893 1438 2926 in
1467 2892 1600 2927 deserto

110 2955 410 2990 conservationem.
