1867 3301
944 220 1015 254 XX

1647 291 1720 316 pac.

231 348 362 383 Nomen
387 347 482 383 urbis
500 347 635 398 Πῐζχῆῃ
655 345 805 380 ostendit
823 343 979 378 subditos
997 343 1169 379 Israelitas
1188 344 1289 392 lignis
1309 343 1484 380 caedendis
1507 356 1606 379 occu-

280 424 378 465 patos
406 418 512 452 fuisse
559 441 1605 450 ...................
1655 417 1724 452 264

236 491 363 525 Sisram
391 502 408 523 a
435 488 638 535 lignatorum
667 488 815 522 exercitu
845 485 1048 520 debellatum
1077 498 1151 521 esse
1197 513 1606 521 ........
1656 487 1723 523 265

232 562 385 596 chorae
413 572 534 593 nomen
562 559 798 604 appellativum
828 564 876 591 est
909 584 1606 592 .............
1656 559 1726 595 266

233 632 527 677 ProphetiSsarum
556 632 642 663 inter
668 631 822 675 antiquas
849 634 966 675 gentes
994 629 1176 663 auctoritas
1196 656 1607 664 ........
1657 629 1726 665 267

233 704 333 738 Ratio
361 702 515 735 carminis
543 701 724 742 Deboraei,
753 699 846 745 quod
874 711 1035 734 coaevum
1062 700 1218 746 Baraquo
1246 699 1352 735 fuisse
1381 700 1549 736 videatur.
1602 729 1607 735 .
1656 700 1726 736 267

233 773 431 819 Explicatur
456 784 486 806 v.
507 771 522 806 1
559 797 1607 807 ...................
1657 772 1726 808 269

236 844 466 891 Corrigendos
495 854 569 878 esse
595 855 648 876 vv.
667 842 706 884 4,
725 841 746 876 5
792 868 1607 876 ...............
1658 843 1727 878 270

233 916 446 951 Adscititiam
475 927 548 949 esse
566 913 703 949 Jahelae
727 914 759 946 in
778 925 808 947 v.
828 911 848 947 6
867 913 1082 954 mentionem,
1111 925 1195 959 quae
1216 914 1318 959 igitur
1338 914 1545 948 extrudenda
1565 916 1608 948 sit
1657 913 1722 950 271

234 987 310 1022 Non
336 986 478 1020 liberum
506 986 612 1020 fuisse
641 985 788 1018 devictae
814 986 924 1030 gentis
952 985 1187 1018 commercium
1253 1011 1607 1019 .......
1657 985 1726 1021 272

233 1057 432 1103 Explicatur
459 1057 560 1118 ῙΠἾΥΞ
588 1055 633 1098 (v.
652 1054 699 1099 7),
727 1055 922 1089 emendatur
948 1061 1058 1090 autem
1084 1062 1239 1119 ἺΠῃΡ-ζζ]
1254 1081 1607 1089 .......
1657 1055 1726 1091 273

234 1129 365 1163 Nomen
392 1116 537 1179 lys—1205
564 1129 596 1161 in
624 1139 653 1160 v.
671 1125 694 1161 8
721 1128 886 1160 omissum
906 1153 1608 1160 .............
1657 1125 1727 1162 274

236 1200 334 1234 Ratio
362 1173 521 1233 victoriae
548 1199 764 1244 Baraquanae
797 1197 908 1232 fusius
944 1197 1163 1239 describitur,
1199 1203 1232 1232 et
1262 1197 1358 1232 locus
1389 1197 1608 1232 difficillimus

284 1272 354 1313 (vv.
373 1269 516 1311 9—11)
544 1269 620 1303 inde
649 1269 832 1314 explicatur
849 1294 1608 1303 ..............
1657 1268 1726 1304 275

235 1343 277 1376 V.
297 1340 340 1376 13
365 1341 431 1375 levi
458 1341 690 1375 emendatione
718 1346 853 1375 curatus
904 1366 1608 1374 .............
1657 1340 1723 1376 281

235 1414 401 1448 Recensio
431 1413 578 1446 tribuum
619 1439 624 1445 .
676 1439 682 1445 .
734 1438 741 1445 .
792 1438 799 1445 .
838 1438 841 1441 .
849 1436 1608 1444 ..............
1658 1410 1727 1446 282

237 1485 432 1530 Pugnantes
460 1483 576 1517 stellae
619 1508 1609 1516 ..................
1658 1481 1726 1517 283

236 1555 286 1590 De
312 1555 394 1588 urbe
419 1557 567 1599 Meroz,
596 1566 679 1600 quae
706 1556 739 1588 in
766 1556 900 1588 Meron
926 1555 970 1588 sit
996 1552 1154 1587 mutanda
1197 1579 1608 1587 ........
1657 1551 1726 1588 283

239 1626 530 1668 Quemadmodum
557 1625 676 1659 Jaheta
703 1625 831 1659 facinus
860 1637 958 1659 snum
985 1626 1168 1670 patraverit
1200 1650 1608 1658 ........
1657 1622 1726 1659 285

237 1697 363 1732 Ultima
389 1697 527 1743 strophe
555 1696 750 1731 emendatur
776 1702 808 1730 et
835 1696 1032 1742 explanatur
1054 1731 1061 1734 Δ
1081 1722 1607 1729 ..........
1657 1693 1726 1730 285

701 1821 749 1857 ΙΝ
779 1820 982 1858 PARTEM
1013 1819 1270 1858 SEPTIMAM.

239 1911 409 1958 Septimae
435 1911 538 1956 partis
566 1910 751 1957 fragmenta
777 1911 949 1957 quomodo
979 1911 1174 1957 digerantur
1201 1936 1609 1944 ........
1659 1909 1727 1945 304

237 1983 266 2016 Ε
292 1981 461 2016 Davidicis
487 1981 631 2016 Psalmis
659 1983 794 2016 nonnisi
822 1994 891 2023 eos,
919 1983 976 2028 qui
1002 1982 1154 2028 publicae
1181 1981 1395 2016 celebrationi
1422 1993 1609 2016 accommo-

287 2053 355 2087 dati
382 2059 491 2095 erant,
519 2053 558 2087 ad
586 2053 710 2087 librum
735 2053 960 2088 Jasbaranum
987 2054 1154 2099 pertinent
1199 2079 1608 2086 ........
1659 2052 1726 2089 305

237 2124 410 2160 Psalmum
430 2124 527 2158 LVII
553 2124 677 2159 fabulis
696 2124 915 2171 Babylonicis
942 2125 1113 2159 materiam
1137 2130 1169 2159 et
1188 2125 1396 2159 occasionem
1414 2124 1610 2170 praebuisse
1658 2123 1728 2159 306

237 2196 315 2231 Duo
343 2197 487 2229 carmina
511 2195 698 2229 Jasharana
725 2196 764 2229 ad
794 2196 990 2230 Solomonis
1019 2201 1158 2230 aetatem
1186 2201 1336 2242 spectant
1374 2222 1609 2229 .....
1659 2194 1727 2230 307

238 2268 396 2308 Hamae,
424 2266 516 2312 quod
544 2272 693 2308 vocatur,
721 2267 884 2300 canticum
913 2267 1088 2301 Goliathae
1115 2266 1246 2300 caedem
1273 2272 1511 2301 commemorat
1545 2292 1551 2300 .
1602 2292 1608 2299 .
1658 2264 1727 2300 307

239 2339 423 2373 Procerum
452 2337 626 2371 Goliathae
654 2349 775 2382 corpus
804 2343 836 2371 et
861 2343 1026 2371 armatura
1085 2363 1609 2370 ..........
1658 2335 1727 2372 309

238 2409 386 2443 Imitatio
414 2409 451 2442 D.
470 2408 580 2442 Lucae
606 2421 685 2442 num
714 2408 796 2454 quid
824 2408 1056 2443 demonstret?
1083 2434 1608 2442 ..........
1658 2407 1728 2443 310

241 2480 349 2523 Quare
376 2480 520 2514 Davides
548 2479 689 2514 Saulum
718 2479 943 2526 Saulidasque
968 2479 1230 2514 lamentaretur?
1258 2506 1610 2513 .......
1659 2478 1724 2514 311

239 2551 490 2597 Explicationes
519 2551 681 2597 quaedam
701 2552 714 2561 Χ
739 2577 1609 2585 ................
1658 2549 1723 2585 311

239 2622 411 2657 Psalmum
430 2622 551 2656 XVIII
579 2623 690 2656 statim
723 2628 803 2668 post
828 2622 951 2657 bellum
979 2622 1211 2657 Pliilistaicum
1239 2628 1271 2657 et
1297 2634 1388 2657 arcae
1415 2621 1607 2656 translatio-

287 2705 361 2728 nem
390 2695 615 2739 conscriptum
643 2705 717 2728 esse
736 2718 1606 2727 ................
1657 2690 1726 2727 313

239 2766 288 2800 De
315 2766 559 2810 compositione
586 2770 686 2811 atque
713 2765 830 2800 ordine
856 2764 1069 2800 Psalmorum
1096 2764 1207 2799 fusius
1235 2764 1425 2810 disputatur
1485 2790 1492 2796 .
1543 2790 1549 2795 .
1600 2789 1606 2796 .
1656 2761 1725 2798 314

239 2837 318 2870 Vox
345 2823 471 2888 ῙᾋΓ-ἶῖᾞ
499 2836 580 2882 quid
606 2836 794 2883 significet?
850 2859 1607 2870 ..............
1656 2832 1725 2868 318

241 2907 450 2943 Imitationes
475 2908 679 2943 Jasharanae
705 2909 738 2941 in
766 2908 819 2942 Ps.
839 2906 960 2942 XVIII
988 2906 1105 2941 obviae
1140 2931 1607 2938 .........
1656 2902 1724 2939 319
