1867 3301
834 209 862 255 9

129 346 161 382 7.
191 346 322 393 Θωμᾶς
627 344 659 380 7.
686 348 873 383 Ματθαῖος
1121 343 1154 379 7.
1180 348 1366 383 Mar-fialas·

129 416 162 452 8.
188 420 374 455 Ματθαῖος
399 415 416 451 ὁ
442 415 584 460 τελώνης
626 414 659 451 8.
689 416 820 462 Θωμᾶς
1121 415 1154 451 8.
1184 416 1315 463 Θωμᾶς

130 487 162 524 9.
185 488 347 533 Ἰάκωβος
371 486 389 522 ὃ
411 488 574 534 Ἁλφαίου
630 486 663 522 9.
685 487 844 532 Ἰάκωβος
869 485 886 521 ὁ
909 487 1075 533 ’Λλᾳαίου
1124 486 1156 522 9.
1178 486 1340 532 Ἰάκωβος
1358 486 1523 533 Ἀλφαίου

109 558 163 594 10.
189 562 362 604 Λεββαῖος
605 557 660 593 10.
690 559 873 596 Θαδδαῖος
1101 557 1155 593 10.
1181 560 1306 605 Σίμων
1331 558 1471 601 ζηλώτης

109 629 163 666 11.
190 633 314 677 Σίμων
331 629 348 664 ὁ
365 633 574 668 Καναναῖος
608 628 662 664 11.
688 633 812 676 Σίμων
829 628 846 663 ὁ
865 632 1073 667 Καναναῖος
1104 628 1158 663 11.
1180 629 1312 667 Ἰούδας
1325 629 1489 674 Ἰακώβου

110 700 163 736 12.
185 701 318 741 Ἰούδας
336 701 552 750 Ἰσκαριώτης
608 699 660 735 12.
682 700 816 739 Ἰούδας
833 700 1020 750 Ἰσκαριώθ
1103 699 1157 735 12.
1179 700 1311 738 Ἰούδας
1330 699 1528 749 Ἰσκαριώθ.

226 846 289 888 Ex
320 846 532 903 Evangelio
566 845 728 887 Joannis
763 843 812 898 (l,
836 844 893 887 40
916 842 1021 902 sqq.)
1054 848 1334 902 perspiciamus
1367 846 1473 896 licet,
1515 845 1598 887 Do-

109 932 256 972 minum
297 938 477 972 nostrum
515 932 663 986 primos
704 929 779 971 sibi
820 931 979 970 comites
1017 945 1036 970 e
1067 928 1265 985 Baptistae
1298 928 1499 985 discipulis
1531 929 1600 970 ad-

111 1016 283 1054 scivisse.
344 1013 448 1054 Inter
483 1028 569 1062 eos,
612 1014 679 1069 qni
710 1014 904 1068 principio
936 1012 1120 1053 Messiam
1154 1021 1420 1069 agnoverunt,
1462 1027 1600 1069 agmen

112 1097 261 1138 ducunt
291 1096 489 1145 Andreas,
531 1096 649 1137 frater
680 1095 853 1137 Simonis
886 1096 1013 1145 Petri,
1056 1104 1093 1137 et
1132 1096 1228 1137 alter
1266 1095 1443 1152 quidam,
1487 1097 1599 1152 cujus

110 1194 253 1222 nomen
292 1180 447 1228 siletur,
494 1180 656 1229 seilicet,
699 1179 870 1220 Joannes
911 1181 994 1235 ipse
1032 1179 1234 1235 Evangelii
1273 1179 1376 1220 illius
1417 1181 1598 1236 scriptor.

110 1262 288 1304 Andreas
330 1271 458 1303 autem
497 1262 653 1304 fratrem
687 1278 801 1303 suum
835 1262 1022 1312 adduxit,
1066 1271 1103 1303 et
1133 1261 1396 1318 proculdubio
1428 1262 1600 1304 Joannes

112 1348 225 1387 etiam
257 1345 448 1387 Jacobum
488 1345 645 1387 fratrem
685 1361 800 1386 suum
840 1345 1106 1401 cooptandum
1139 1348 1302 1387 curavit.
1369 1344 1475 1388 Unde
1509 1361 1602 1387 con-

112 1431 329 1486 sequimur,
370 1437 416 1470 ut
456 1430 607 1485 primus
648 1431 687 1470 in
726 1429 787 1470 his
820 1428 1014 1470 indicibus
1055 1430 1281 1484 quaternio,
1324 1429 1403 1471 duo
1438 1428 1602 1471 fratrum

111 1515 223 1570 paria
255 1514 478 1561 continens,
513 1527 650 1569 nempe
681 1512 783 1553 filios
806 1512 949 1562 Jonae,
985 1521 1022 1553 et
1043 1512 1144 1553 filios
1167 1511 1378 1562 Zebedaei,
1414 1522 1604 1569 quattuor

113 1611 180 1637 eos
221 1596 397 1637 homines
438 1595 623 1637 exhibeat
654 1597 721 1652 qui
752 1597 868 1652 primi
899 1595 1033 1637 Jesum
1066 1594 1366 1637 comitabantur.
1428 1596 1478 1638 Et
1509 1612 1604 1653 pro·

113 1679 212 1721 fecto
245 1688 324 1720 tres
356 1679 518 1729 horum,
563 1679 721 1729 Simon,
764 1679 956 1729 Joannes,
999 1677 1194 1729 JacobUS,
1234 1678 1466 1722 Mediatoris
1500 1680 1604 1722 clau-

114 1762 213 1804 dunt
244 1762 366 1812 latus,
400 1762 626 1819 ubicunque
657 1764 891 1819 praecipuos
918 1771 956 1803 et
977 1762 1139 1804 selectos
1162 1771 1374 1805 sectatores
1396 1772 1465 1805 aut
1486 1772 1603 1805 testes

113 1845 188 1887 sihi
208 1844 493 1902 ‘adjungendos
526 1847 694 1902 putavit.
743 1845 929 1888 Proxime
961 1848 1123 1888 accessit
1149 1846 1381 1903 »Philippus
1415 1862 1464 1888 ex
1484 1847 1605 1888 Beth-

114 1929 223 1971 saida
254 1931 408 1970 civitate
439 1928 620 1971 Andreae
653 1938 691 1970 et
721 1929 855 1970 Petri«
889 1927 1026 1982 (J0.1‚
1050 1928 1144 1983 44),
1183 1932 1294 1987 isque
1325 1930 1605 1972 Nathana'e‘lem

115 2012 164 2054 ad
183 2011 383 2054 Christum
407 2012 586 2054 adduxit.
628 2013 679 2055 Et
703 2015 889 2069 quoniam
910 2012 1256 2055 Bartholomaeus
1276 2015 1301 2054 i.
1322 2029 1353 2054 e.
1378 1996 1511 2073 ὛᾩΙἪΞἾ
1534 2014 1605 2073 ff?

116 2096 244 2136 »filius
279 2096 527 2145 Thalmaei«,
576 2098 893 2152 patronymicum
933 2105 992 2137 est
1032 2096 1287 2146 vocabulum,
1328 2077 1481 2153 semper
1515 2098 1605 2152 jure

117 2179 343 2220 conclusum
383 2188 442 2220 est
478 2177 756 2220 Nathanaelem
800 2182 918 2220 istum
959 2195 981 2220 a
1020 2180 1325 2221 Bartholomaeo
1366 2196 1447 2221 non
1486 2179 1607 2222 fuisse

117 2261 326 2303 diversum.
385 2262 436 2303 Et
468 2277 589 2319 quum
621 2262 829 2319 Philippus
863 2272 900 2304 et
931 2263 1259 2305 Bartholomaeus
1292 2266 1331 2304 in
1363 2278 1607 2320 unoquoque

116 2346 388 2401 apostolorum
428 2345 553 2387 indice
593 2348 791 2402 conjuncti
832 2356 1066 2403 appareant,
1107 2346 1214 2388 haud
1254 2347 1469 2388 absurdum
1507 2346 1609 2388 foret

116 2430 148 2470 si
181 2431 268 2485 quis
301 2430 528 2485 conjiceret,
564 2438 609 2470 ut
639 2429 819 2472 Andreas
853 2430 1072 2480 Simonem,
1107 2433 1160 2472 ita
1189 2430 1418 2486 Philippum
1450 2429 1607 2471 fratrem

116 2526 251 2561 suum,
287 2526 449 2553 »verum
481 2513 588 2554 illum
610 2513 823 2554 Israelitam
856 2516 895 2555 in
929 2529 1007 2570 quo
1033 2514 1146 2555 dolus
1170 2529 1251 2555 non
1274 2522 1401 2563 erat«,
1436 2513 1607 2554 Domino

116 2603 253 2635 nostro
287 2596 632 2637 commendavisse.
679 2597 803 2653 Igitur
830 2597 1059 2654 Philippum
1092 2606 1130 2638 et
1159 2596 1437 2638 Nathanaelem
1471 2596 1608 2638 fratres

117 2677 257 2726 fnisse,
291 2678 392 2719 filios
418 2679 632 2720 Thalmaci,
679 2680 771 2721 Inde
803 2681 866 2730 fit,
901 2689 946 2722 ut
977 2696 1046 2721 sex
1079 2683 1231 2737 priores
1254 2680 1440 2735 Apostoli
1473 2682 1512 2721 in
1534 2683 1609 2722 tria

117 2759 280 2801 fratrum
326 2764 435 2816 paria
475 2762 721 2813 dividantur,
769 2764 871 2805 filios
911 2764 1054 2813 Jonae‚
1102 2764 1205 2804 filios
1245 2763 1457 2812 Zebedaei,
1506 2764 1609 2805 filios

119 2843 341 2893 Thalmaci,
385 2859 516 2886 omnes
557 2861 606 2887 ex
643 2846 775 2888 eadem
808 2849 966 2904 regione
1000 2847 1209 2896 oriundos,
1252 2856 1298 2888 ut
1329 2846 1436 2888 facile
1470 2849 1521 2887 sit
1552 2849 1610 2887 in-

117 2926 272 2968 tellectu
322 2928 576 2983 quamobrem
624 2945 691 2972 eos
729 2930 844 2971 «lesus
884 2930 1000 2971 binos
1043 2926 1147 2983 (δύο
1189 2929 1267 2972 δύο
1307 2930 1427 2972 Marc.
1452 2929 1523 2979 VI,
1557 2927 1608 2982 7)
