1867 3301
121 361 300 403 nonnihil
335 345 585 402 obscuritatis
627 361 799 416 pariunt.
866 358 995 412 Quum
1037 366 1163 399 tamen
1194 356 1359 399 Kinnaei
1392 372 1619 399 recensean-

122 453 186 486 tur
219 447 258 486 in
290 443 418 486 fronte
451 445 625 485 omnium
657 442 922 484 meridionalis
953 442 1195 484 Palaestinae
1226 441 1468 498 populorum
1502 440 1615 495 (Gen.

121 528 210 578 XV,
240 525 330 582 19),
372 527 640 584 Amalequitac
682 535 809 568 autem
845 524 1031 583 (quorum
1064 535 1167 567 terra
1198 541 1269 582 per
1301 527 1618 582 anticipationem

121 612 422 669 geographicam
456 613 682 652 nominatur
705 610 800 652 Gen.
824 609 930 660 XIV,
957 608 999 663 7)
1034 612 1133 651 inter
1165 611 1324 666 spurios
1345 609 1464 650 Esavi
1496 623 1619 666 nepo-

123 704 178 736 tes
210 703 417 751 ponuntur
449 692 563 745 (Gen.
586 694 781 744 XXXVI,
810 691 892 747 12),
933 693 1041 734 facile
1075 693 1208 734 credas
1240 693 1440 734 Kinnaeos
1474 695 1620 734 consti-

123 781 243 820 tuisse
280 780 495 836 principem
534 794 680 836 pagum
712 778 959 835 vel'gentem
992 779 1094 818 inter
1125 776 1312 818 nomades
1345 776 1513 818 Arabiae
1545 777 1619 818 Pc-

122 871 261 904 traeae.
324 862 387 904 Ex
427 871 564 904 nostro
597 862 834 919 Fragmento
871 859 952 915 (IV,
982 859 1050 914 12)
1091 861 1369 902 concludamus
1403 861 1492 902 licet
1520 861 1619 902 Kin-

121 962 253 997 naeos‚
289 949 391 988 sicut
422 947 590 1003 reliquas
624 955 831 988 montanae
865 954 902 987 et
935 946 1108 987 desertae
1137 947 1309 1003 regionis
1332 942 1472 995 trihus,
1506 946 1617 986 initio

123 1031 249 1072 saltim
291 1030 548 1072 errabundam
590 1032 709 1072 vitam
751 1031 907 1072 incertis
949 1029 1107 1072 sedibus
1149 1031 1293 1087 egisse,
1336 1029 1541 1070 latrocinio
1582 1037 1621 1069 et

124 1115 227 1156 caedi
262 1115 444 1156 deditam.
507 1115 653 1156 Postea
684 1130 801 1165 vero,
844 1122 889 1155 ut
922 1113 1105 1155 discimus
1140 1128 1189 1154 ex
1220 1111 1337 1154 Num.
1367 1111 1515 1163 XXIV,
1549 1111 1616 1162 21,

122 1198 403 1240 habitationem
436 1200 615 1255 ipsorum
649 1201 761 1255 quasi
794 1200 833 1239 in
866 1198 959 1239 nido
992 1197 1206 1254 ponebant.
1257 1197 1345 1251 Quo
1379 1196 1616 1247 factumest,

122 1289 166 1323 ut
204 1283 429 1339 principalis
471 1282 565 1324 haec
603 1282 731 1324 tribus
774 1297 813 1323 se
855 1297 876 1322 a
917 1284 1053 1323 ceteris
1086 1280 1424 1337 Amalequitarum
1465 1280 1618 1322 familiis

122 1374 356 1424 segregaret.
403 1366 432 1407 Ii
466 1366 649 1408 errabant
681 1374 718 1408 et
749 1365 1098 1407 latrocinabantur.
1145 1365 1313 1407 Kinnaei
1334 1380 1428 1407 vero
1462 1366 1501 1406 in
1529 1364 1619 1406 sede

122 1465 193 1491 sua
224 1450 437 1492 restabant.
496 1450 547 1491 Et
580 1465 699 1507 quum
732 1449 926 1491 Israelitae
960 1449 1007 1490 ab
1039 1449 1226 1507 Aegypto
1260 1446 1421 1507 profugi
1452 1464 1522 1505 per
1555 1449 1620 1491 de-

122 1543 268 1576 sertum
297 1534 467 1576 Arabiae
498 1534 780 1592 peragrabant,
814 1534 981 1576 Kinnaei
1014 1534 1171 1591 quidem
1203 1534 1349 1576 nullam
1383 1542 1519 1575 contra
1551 1547 1619 1574 eos

121 1618 333 1660 movebant
371 1621 509 1669 aciem,
551 1618 822 1676 Amalequitae
861 1627 987 1660 autem
1023 1618 1184 1660 electum
1218 1617 1433 1676 populum,
1475 1625 1520 1659 ut
1553 1619 1621 1674 qui

123 1717 212 1744 suas
246 1703 356 1744 sedes
388 1702 608 1754 invaderet,
644 1717 797 1759 semper
829 1712 867 1745 et
891 1702 1038 1760 ubique
1067 1701 1226 1744 infensis
1251 1704 1388 1744 animis
1411 1710 1449 1744 et
1469 1700 1618 1743 infestis

122 1789 237 1828 armis
272 1786 569 1845 oppugnabant.
617 1786 887 1844 Amalequitas
910 1788 1023 1828 victis
1057 1794 1094 1828 et
1125 1785 1347 1829 imbellibus
1379 1785 1525 1828 nullam
1547 1787 1619 1826 mi-

122 1870 371 1914 sericordiam
403 1872 647 1929 praestitisse
680 1871 899 1928 colligimus
924 1885 972 1912 ex
994 1870 1123 1928 Agagi
1147 1872 1326 1922 saevitie,
1361 1869 1512 1927 qualem
1535 1884 1617 1911 eam

124 1953 307 1996 describit
339 1954 495 1997 Samuel
530 1953 567 2010 (1
597 1955 701 1997 Sam.
725 1955 815 2006 XV,
841 1952 927 2009 33).
976 1954 1112 2012 Neque
1146 1956 1247 1997 enim
1279 1956 1422 1996 rationi
1455 1968 1618 1995 consen-

122 2047 279 2080 taneum
319 2048 378 2081 est
409 2039 562 2082 credere
596 2042 864 2096 antiquiorum
896 2028 1236 2095 Amalequitarum
1267 2053 1395 2081 mores
1427 2039 1617 2080 recentio-

123 2137 208 2163 rum
251 2122 427 2164 moribus
468 2122 587 2165 fuisse
626 2125 814 2164 mitiores.
877 2121 983 2180 Ergo
1015 2123 1207 2165 israelitas
1245 2124 1285 2164 in
1318 2138 1363 2165 eo
1396 2122 1615 2172 intervallo,

124 2205 232 2262 quod
272 2208 372 2248 inter
409 2207 595 2248 Exodum
637 2214 674 2249 et
713 2208 930 2263 promissae
972 2206 1121 2248 telluris
1163 2206 1460 2248 debellationem
1498 2205 1618 2247 inter-

124 2292 254 2340 cessit,
288 2292 488 2347 perpetuis
522 2290 842 2348 aggressionibus
872 2289 1125 2333 lacessebant.
1174 2290 1275 2333 Hinc
1296 2291 1382 2332 illae
1403 2288 1616 2347 lacrymae!

123 2372 222 2415 Hinc
253 2374 444 2430 populare
478 2374 574 2416 illud
607 2373 763 2425 odium,
806 2372 935 2432 quod,
978 2373 1208 2416 Hannibalis
1240 2377 1339 2426 ritu,
1382 2381 1495 2416 vetus
1529 2389 1618 2415 can-

126 2457 239 2499 tilena
272 2459 383 2515 quasi
410 2459 499 2515 jure
525 2458 699 2514 jurando
735 2461 952 2500 sanciverat
984 2456 1129 2513 (Exod.
1154 2458 1283 2509 XVII,
1313 2456 1403 2513 16):

408 2541 597 2584 »Manum
630 2542 680 2584 ad
710 2542 883 2585 Jehovae
916 2543 1129 2585 thronum!

406 2625 556 2668 Bellum
589 2629 661 2669 erit
692 2628 792 2668 inter
823 2626 1013 2669 Jehovam
1048 2635 1085 2668 et
1114 2625 1384 2683 Amalequitas

406 2708 444 2751 A
475 2713 725 2767 generatione
757 2713 796 2752 in
829 2710 1168 2768 generationeml«

126 2795 148 2834 i.
174 2808 205 2834 e.
239 2795 511 2850 unusquisque
542 2794 804 2837 Israelitarum
846 2795 921 2836 hoc
955 2792 1216 2850 jurejurando
1259 2793 1520 2851 obstringitur
1551 2791 1615 2848 (cf.

124 2876 285 2926 Ewald,
321 2875 460 2918 Gesch.
488 2876 554 2919 des
570 2877 718 2920 Volkes
751 2878 866 2920 Israel
898 2878 931 2928 I,
966 2893 1005 2934 p.
1030 2875 1146 2931 297).
1201 2877 1377 2919 Montem
1409 2877 1616 2934 Amalequi

127 2956 241 3012 (Jud.
270 2959 320 3010 V,
356 2957 433 3013 14)
475 2970 512 3003 et
551 2962 751 3004 Kinnaeos
800 2959 917 3016 (ibid.
953 2958 1033 3014 24)
1081 2960 1202 3004 fuisse
1241 2963 1280 3003 in
1322 2960 1618 3019 septentrionali

1310 3041 1334 3076 8
