1867 3301
716 179 995 251 *393*

107 323 245 365 litteris
268 321 488 371 mandaret,
519 322 690 378 posteris
712 321 913 363 traderet?
944 319 1263 377 Hieroglyphicis
1285 317 1382 360 illud
1405 332 1453 359 an
1474 319 1602 360 hiera-

107 409 193 448 ticis
233 407 370 449 litteris
407 413 610 448 exaratum
643 419 819 455 censeas,
861 420 908 446 an
941 406 1096 461 potius,
1139 403 1249 461 quod
1279 402 1601 445 Rosenmiillerus

108 490 272 531 fidenter
309 491 602 547 pronuntiavit,
646 490 737 530 »illa
776 491 957 531 morituri
989 489 1255 546 progenitoris
1288 488 1425 528 ultima
1457 495 1550 527 vota
1582 501 1604 526 a

109 574 195 615 [iliis
229 590 378 616 summa
409 574 485 615 fide
518 582 556 615 et
586 574 787 630 relligione
821 582 1071 622 conservata,
1106 580 1144 613 et
1165 587 1186 613 a
1209 572 1373 629 singulis
1400 570 1449 611 ad
1469 578 1604 627 poste-

108 672 174 699 ros
207 667 427 716 propagata
459 666 496 699 et
526 666 713 714 tanquam
748 656 905 698 oracula
937 656 1071 697 habita
1104 655 1279 697 suisseP«
1318 655 1432 712 Piget
1462 654 1604 711 pudet-

110 756 183 798 que
225 750 301 783 tam
341 742 528 799 puerilem
571 739 797 796 ἑρμηνείαν
836 742 874 781 in
916 740 1044 781 medio
1086 740 1241 781 saeculo
1274 747 1369 796 post
1402 737 1604 780 Christum

109 825 257 867 decimo
297 841 403 867 nono
445 826 659 867 confutare.
726 824 893 874 Contra,
936 824 1146 865 cantilenae
1180 825 1304 879 ipsius
1336 823 1605 863 testimonium

111 909 234 950 doctis
264 909 490 951 hominibus
512 912 710 966 persuasit
731 908 868 951 Jacobi
890 907 1202 949 benedictionem
1225 921 1373 948 merum
1396 921 1479 947 esse
1503 905 1606 962 psal-

110 1008 236 1042 mum,
270 995 379 1050 pium
404 993 513 1034 illum
537 994 693 1050 quidem
716 1003 753 1035 et
774 993 1036 1050 relligiosum3
1071 991 1139 1033 sed
1162 991 1251 1033 data
1274 1005 1394 1048 opera
1416 1006 1438 1031 a
1459 992 1605 1031 seriore

112 1076 282 1133 quodam
307 1078 534 1127 confictum,
569 1086 615 1119 ut
640 1077 883 1135 singularum
905 1076 1099 1125 tribuum,
1136 1090 1214 1133 qua
1234 1084 1329 1117 tune
1351 1083 1477 1125 erant,
1513 1090 1606 1116 eon-

111 1160 297 1202 ditionem
336 1161 590 1212 describeret,
634 1170 672 1203 et
702 1161 924 1203 rationibus
958 1162 1069 1217 quasi
1102 1160 1226 1201 allatis
1259 1160 1484 1216 explicaret.
1546 1158 1606 1200 Ac

109 1244 281 1286 Joannes
307 1243 400 1287 Chr.
423 1245 636 1295 Friedrich,
665 1246 776 1302 eujus
800 1246 1165 1286 commentationem
1190 1240 1276 1296 (der
1298 1242 1423 1300 Segen
1446 1242 1603 1293 Jacobs,

111 1330 194 1370 eine
216 1329 486 1386 WVeissagung
519 1329 585 1370 des
617 1329 844 1385 Propheten
865 1328 1042 1378 Nathan,
1076 1327 1239 1369 Breslau
1266 1324 1396 1380 1811)
1428 1328 1605 1369 nondum

110 1412 204 1453 mihi
227 1413 357 1454 videre
381 1415 564 1470 contigit,
592 1413 693 1454 hanc
716 1413 943 1454 cantilenam
966 1413 1016 1453 ad
1039 1411 1266 1453 Solomonis
1290 1420 1467 1468 tempora.
1489 1421 1606 1469 atque

111 1496 160 1537 ad
197 1496 415 1538 Nathanem
459 1497 695 1554 prophetam
735 1496 1044 1538 transferendam
1085 1498 1246 1538 censuit.
1309 1495 1492 1537 Bleekius
1535 1492 1606 1548 (dc

110 1579 199 1621 libri
223 1580 417 1623 Geneseos
442 1583 610 1638 origine,
644 1581 807 1622 Bonnae
833 1578 976 1634 1830),
1013 1580 1191 1621 Tuchius
1218 1576 1489 1633 (Kon'nnentar
1510 1579 1607 1621 iiber

112 1663 171 1705 die
197 1663 370 1714 Genesis,
399 1665 509 1706 Halle
531 1662 674 1719 1838),
707 1665 950 1722 Lengerkius
975 1661 1164 1718 (Kenaan‚
1189 1663 1441 1721 Konigsberg
1462 1660 1604 1717 1844),

111 1757 156 1789 ut
186 1749 279 1789 mihi
312 1749 457 1791 Diestel
489 1758 628 1791 auctor
659 1758 736 1799 est,
770 1764 859 1790 nam
892 1748 981 1790 libri
1014 1751 1090 1805 ipsi
1123 1748 1284 1798 desunt,
1319 1747 1458 1789 Jacobi
1489 1747 1607 1790 bene·-

112 1831 319 1874 dictionem
352 1832 401 1874 ad
432 1833 545 1875 finem
578 1834 681 1875 illius
713 1835 902 1889 temporiS
935 1832 1128 1882 referunt,
1164 1831 1274 1889 quod
1305 1834 1345 1873 in
1370 1830 1470 1873 libro
1493 1831 1608 1873 ,Iudi-

113 1931 198 1957 cum
232 1918 466 1958 continetur.
520 1915 600 1958 Nec
633 1916 830 1958 dubitavit
860 1916 1052 1958 Heni-icus
1080 1915 1221 1958 Ewald
1253 1918 1293 1956 in
1326 1915 1485 1957 eandem
1519 1931 1607 1957 sen-

110 2002 271 2041 tentiam
303 1999 518 2051 discedere,
552 2003 781 2057 praesertim
815 2000 1135 2057 quandoquidem
1168 2000 1358 2041 cantilena
1389 2008 1526 2042 nostra
1558 2000 1607 2041 ad

111 2083 291 2125 Deborae
325 2099 477 2125 carmen
509 2092 547 2126 et
578 2084 628 2125 ad
660 2084 853 2126 Simsonis
886 2099 946 2126 res
978 2092 1108 2142 gestas
1142 2086 1325 2141 respiciat
1358 2080 1606 2138 (Geschichte

114 2167 180 2208 des
202 2167 350 2209 Volkes
381 2167 519 2219 Israel,
556 2168 731 2226 Gotting.
761 2168 885 2211 1843.
919 2168 946 2210 Ι.
980 2184 1048 2225 pp.
1072 2168 1141 2219 80,
1168 2165 1255 2222 81).

233 2252 361 2307 Quare
401 2252 580 2310 equidem
620 2255 822 2294 statuerim
862 2253 938 2295 hoe
980 2268 1132 2294 carmen
1171 2260 1358 2310 regnante
1391 2251 1606 2295 Solomone

114 2338 376 2393 conscriptum
411 2352 515 2387 esse,
550 2340 771 2379 summatim
804 2339 843 2378 in
874 2337 1170 2395 Prolegomenis
1204 2336 1378 2387 ostendi,
1419 2336 1488 2378 ubi
1520 2351 1607 2378 ver-

114 2420 257 2462 siculos
290 2419 315 2462 5
349 2429 386 2462 et
421 2420 473 2462 10
512 2423 551 2462 in
594 2422 693 2463 hanc
725 2424 1102 2479 argumentationem
1135 2423 1262 2462 citavi.
1327 2420 1377 2462 Et
1407 2420 1606 2462 Psalmum

112 2503 343 2546 Davidicum
365 2505 493 2547 XVIII
523 2504 686 2547 indubia
718 2507 934 2547 imitatione
967 2508 1161 2563 expressit
1192 2506 1273 2555 ille,
1309 2507 1377 2562 qui
1407 2504 1508 2546 hanc
1538 2504 1607 2546 be-

114 2587 371 2630 nedictionem
411 2591 636 2646 composuit
667 2586 731 2643 (cf.
764 2605 828 2631 vv.
856 2589 921 2640 19,
946 2588 985 2631 6.
1025 2590 1091 2630 Ps.
1114 2590 1260 2639 XVIII,
1286 2588 1387 2641 30)
1451 2588 1531 2631 Sed
1567 2591 1606 2630 in

115 2673 201 2727 ipso
236 2675 401 2713 carmine
434 2673 650 2715 enarrando
684 2673 783 2714 hanc
816 2675 1040 2729 opinionem
1076 2673 1200 2714 fusius
1235 2672 1487 2714 confirmabo.
1552 2672 1608 2714 At

116 2756 215 2795 enim
239 2770 331 2797 vero
364 2755 445 2797 fieri
477 2766 627 2814 potest,
661 2766 708 2799 ut
731 2756 944 2799 Solomone
977 2766 1164 2814 regnante
1188 2765 1265 2799 tam
1289 2757 1506 2799 Jasharana
1527 2756 1608 2812 syl-

114 2837 221 2895 loge,
256 2853 373 2895 quam
403 2839 498 2882 haec
529 2841 719 2882 cantilena
747 2842 885 2883 litteris
907 2841 1170 2892 mandaretur,
1204 2841 1322 2898 idque
1345 2843 1530 2891 seorsim3
1564 2847 1608 2880 ut

114 2923 251 2964 merito
285 2923 426 2980 aliquis
456 2927 673 2982 rogaverit,
709 2940 788 2982 quo
815 2926 906 2980 jure
935 2924 1104 2969 nobilem
1131 2926 1235 2968 hunc
1262 2926 1456 2984 psalmum
1478 2927 1519 2966 in
1540 2923 1606 2965 illo

1278 3006 1322 3043 13
