1867 3301
786 205 886 252 257

91 346 285 405 quidquid
331 346 385 388 ibi
430 347 667 388 conveniens
708 355 824 403 atque
865 344 1202 388 accommodatum
1239 344 1488 386 invenirent?
1534 343 1586 386 Ut

89 431 184 473 mihi
217 430 374 487 quidem
406 429 574 480 videtur,
609 430 674 471 illa
706 432 959 471 victoriarum
993 443 1092 486 quae
1124 428 1270 471 Josuae
1301 443 1474 485 pugnam
1507 437 1586 469 sta-

90 517 159 556 tim
200 514 480 556 antecedebant
519 516 860 564 commemoratio,
903 528 1020 570 quam
1052 516 1093 555 in
1124 522 1295 569 utroque
1326 511 1483 554 Psalmo
1517 512 1587 553 ha-

89 597 227 641 bemus
262 595 484 652 (CXXXV,
512 598 565 640 10
588 613 674 655 sqq,
710 597 939 648 CXXXVI,
963 596 1013 639 17
1033 594 1152 654 sqq),
1185 596 1309 637 multo
1336 596 1473 637 melius
1499 610 1586 636 cum

91 685 252 740 antiqua
285 685 489 733 ovatione,
533 696 649 739 quam
689 697 775 724 cum
809 683 947 723 iterata
980 680 1134 737 Templi
1166 682 1459 722 consecratione
1494 695 1587 721 con-

90 768 251 808 veniret.
299 765 351 808 Et
383 780 482 823 quae
514 765 560 808 de
584 765 677 808 Sole
710 774 748 807 et
775 750 889 808 Luna
920 765 1162 807 inducuntur
1195 762 1434 817 (CXXXVI,
1453 760 1587 816 7-9)

93 852 238 907 optimc
279 849 520 906 quadrarent
556 852 596 891 in
636 850 772 891 ultima
803 849 1011 890 Jasharani
1052 850 1232 889 carminis
1266 856 1477 898 commata,
1518 846 1587 888 ubi

90 932 215 975 Josua
245 935 321 974 ista
351 934 497 975 lumina
529 933 757 990 alloquitur.
813 932 918 986 Quid
950 932 1060 990 quod
1091 931 1249 989 fulgura
1281 945 1588 973 commemoran-

92 1025 158 1058 tur
190 1014 413 1070 (CXXXV,
438 1016 462 1057 7
487 1014 612 1074 sqq),
654 1032 824 1074 quorum
864 1019 905 1058 in
936 1018 1102 1058 victoria
1133 1015 1279 1057 Josuae
1315 1022 1446 1057 tantae
1479 1023 1589 1056 erant

92 1101 254 1158 partes?
298 1101 414 1142 Hunc
452 1101 600 1151 locum,
645 1103 712 1157 qui
750 1100 857 1157 apud
888 1099 1092 1143 Jeremiam
1126 1097 1201 1153 (X,
1231 1098 1296 1141 13.
1329 1099 1395 1150 LI,
1426 1096 1494 1152 16)
1527 1097 1587 1140 bis

94 1187 282 1235 occurrit,
325 1199 370 1226 eo
410 1184 657 1242 probabilius
701 1199 722 1225 a
753 1193 883 1227 vetere
924 1186 1091 1225 carmine
1124 1182 1375 1240 desumptum
1406 1198 1490 1224 esse
1523 1182 1590 1224 de-

94 1267 234 1319 ducas,
270 1268 379 1325 quod
401 1271 474 1310 iste
496 1269 693 1326 propheta
714 1267 897 1325 frequens
920 1277 979 1310 est
1001 1270 1040 1309 in
1065 1267 1166 1309 libro
1189 1267 1407 1309 Jasharano
1432 1266 1587 1308 citando

94 1347 158 1404 (ef.
183 1367 304 1409 supra
324 1368 364 1409 p.
387 1350 500 1406 160).
549 1352 655 1410 Ergo
690 1360 881 1409 quantum
915 1353 1138 1408 conjectura
1171 1353 1327 1408 assequi
1358 1365 1586 1411 possumus,

92 1434 352 1477 Jasharanum
393 1451 565 1486 carmen,
608 1436 717 1492 quod
756 1438 796 1478 in
834 1435 935 1477 libro
975 1435 1122 1477 Josuae
1160 1437 1391 1476 nominatim
1433 1436 1586 1484 citatur,

93 1521 234 1561 iterum
272 1522 450 1561 resarciri
487 1528 639 1577 potest,
683 1522 714 1561 si
747 1519 938 1577 quaedam
978 1521 1017 1560 in
1050 1521 1274 1561 narratione
1306 1520 1393 1576 ipsa
1425 1520 1590 1575 vestigia

95 1617 182 1644 cum
213 1605 260 1645 iis
292 1605 500 1660 utriusque
530 1603 676 1645 Psalmi
709 1603 888 1645 versibus
921 1605 975 1645 ita
1008 1605 1328 1661 compinguntur,
1364 1611 1410 1644 ut
1434 1603 1590 1658 justum

93 1700 235 1743 poema
266 1687 355 1728 inde
387 1696 626 1730 renascatur.
689 1688 733 1729 Id
765 1688 875 1745 quod
907 1689 1129 1745 speciminis
1161 1689 1288 1744 gratia
1319 1688 1479 1728 tentavi.

211 1770 344 1813 Verba
384 1787 484 1829 quae
523 1774 563 1813 in
596 1774 779 1814 citatione
811 1771 1029 1814 Jasharana
1062 1779 1296 1821 occurrunt,
1340 1779 1378 1812 et
1409 1784 1508 1826 quae
1540 1768 1590 1811 ad

95 1869 248 1897 carmen
280 1856 543 1912 supplendum
577 1856 732 1898 aliunde
765 1856 983 1913 desumpsi,
1018 1855 1144 1896 facilia
1165 1863 1259 1896 sunt
1280 1854 1490 1903 intellectu,
1523 1868 1590 1894 ne—

96 1953 171 1996 que
203 1938 320 1980 ullam
353 1941 646 1981 annotationem
681 1939 915 1981 desiderant.
965 1939 1097 1993 Quum
1128 1947 1257 1980 tamen
1288 1938 1410 1979 multa
1444 1952 1493 1978 ex
1513 1937 1590 1978 fide

93 2021 290 2064 Josuanae
321 2025 558 2065 narrationis
590 2024 778 2065 historica
810 2023 979 2080 pendere
1003 2022 1221 2072 videantur,
1257 2036 1399 2079 operae
1420 2023 1589 2078 pretium

95 2108 185 2157 erit,
225 2109 456 2164 priusquam
489 2106 538 2148 ad
569 2106 749 2149 Deborae
783 2109 974 2148 canticum
1006 2115 1221 2156 transeam,
1255 2104 1460 2163 periodum
1493 2113 1591 2146 tem-

94 2192 223 2247 poris,
264 2205 364 2248 quae
395 2193 497 2233 inter
527 2191 673 2233 Josuae
706 2200 744 2233 et
773 2190 947 2248 Baraqui
979 2192 1164 2232 victorias
1196 2192 1434 2240 intercessit,
1478 2204 1590 2231 accu—

94 2276 217 2316 ratius
249 2276 290 2316 in
322 2289 486 2316 examen
518 2290 671 2317 vocare.

213 2359 257 2400 In
288 2359 365 2400 hoc
395 2361 484 2416 ipso
519 2359 690 2416 capitulo
724 2359 847 2401 multa
879 2374 961 2402 esse
993 2357 1182 2415 perplexa
1205 2366 1243 2399 et
1265 2356 1440 2408 confusa,
1476 2357 1591 2399 disci·

95 2456 182 2484 mus
216 2458 266 2484 ex
292 2457 410 2485 versu
445 2441 511 2493 15,
546 2445 634 2500 qui,
668 2452 713 2485 ut
744 2444 920 2501 plerique
952 2445 1184 2498 interpretes
1217 2441 1588 2491 animadverterunt,

98 2525 222 2567 alieno
254 2527 341 2568 loco
374 2530 530 2584 positus
564 2536 641 2578 cst,
677 2536 714 2569 et
744 2536 897 2569 tantum
929 2529 969 2567 in
1000 2526 1076 2567 fine
1109 2527 1246 2582 capitis
1279 2524 1487 2582 legendus,
1521 2524 1591 2566 ubi

99 2610 211 2650 etiam
241 2613 448 2666 reperitur.
506 2611 651 2662 Nemo,
687 2613 753 2669 qui
786 2611 916 2652 latiori
949 2612 1101 2651 criticae
1135 2624 1293 2666 operam
1327 2608 1451 2659 dedit,
1487 2610 1592 2665 capi-

98 2691 223 2733 tulum
255 2692 375 2749 hujus
406 2693 496 2736 libri
528 2694 717 2737 decimum
751 2710 838 2736 eum
870 2693 1075 2735 undecimo
1106 2692 1360 2749 comparabit,
1394 2701 1432 2734 et
1452 2700 1592 2749 postea

100 2774 313 2826 dubitabit,
356 2779 451 2833 quin
481 2778 665 2820 indoctus
697 2779 759 2820 ille
793 2778 1037 2835 compilator,
1072 2778 1139 2833 qui
1173 2778 1299 2818 varias
1331 2776 1402 2818 has
1437 2775 1482 2817 de
1517 2774 1592 2818 Ca-

98 2873 361 2902 naanaeorum
410 2860 666 2903 debellatione
711 2861 942 2904 traditiones
988 2863 1029 2901 in
1075 2875 1198 2902 unum
1242 2875 1386 2916 corpus
1426 2859 1590 2915 redegit,

97 2941 245 2986 Josuae
276 2943 460 2988 tribuerit
487 2946 735 3003 potissimam
757 2944 965 2996 Taanachi·
981 2944 1034 2986 ad
1052 2943 1351 3002 Megidduntem
1372 2944 1590 2992 victoriam,

1263 3023 1308 3061 17
