1867 3301
938 218 1001 264 62

227 361 341 400 armis
382 358 563 399 scandere
604 357 819 407 imbiberit,
863 360 894 398 is
936 360 1069 414 utique
1112 359 1237 398 serius
1279 359 1386 397 ocius
1427 359 1465 397 in
1505 356 1714 399 Tartarum

228 443 495 500 qualecunque
536 458 651 483 suum
692 456 854 482 casurus
895 449 965 482 est.
1030 440 1163 482 Simile
1196 440 1291 497 quid
1323 440 1536 481 voluerunt
1565 448 1714 482 veteres

229 526 466 568 Graecorum
506 525 806 582 mythographi‚
851 539 971 582 quum
1014 523 1059 565 de
1095 524 1417 581 Gigantomachia
1458 532 1495 565 et
1527 523 1573 565 de
1604 539 1716 565 mon-

227 612 323 651 tium
372 611 666 650 coacervatione
714 611 975 665 scripserunt3
1024 617 1140 666 atque
1188 608 1295 649 haud
1335 610 1413 649 scio
1455 623 1502 649 an
1543 607 1716 663 ejusdem

229 696 472 750 arrogantiae
505 709 633 750 poena
665 692 907 734 describatur
938 695 977 733 in
1012 693 1084 733 alia
1110 695 1206 734 sacri
1230 691 1373 734 codicis
1396 693 1578 748 pericope
1601 688 1714 744 (Gen.

227 776 303 827 XI,
327 776 355 818 4
379 792 463 833 sqq.
513 776 558 817 cf.
589 776 689 818 New
721 776 904 832 Cratylus
939 774 986 829 ἓξ
1009 775 1078 826 45,
1103 773 1190 828 46),

346 861 524 902 Fuerunt
554 862 667 902 ctiam
701 862 767 916 qui
788 860 1084 910 Prmnetheum,
1122 876 1136 894 ³³
1149 862 1215 916 qui
1247 858 1382 900 fraude
1415 860 1513 900 mala
1534 857 1716 916 gentibus

229 944 403 986 intulerit
434 947 561 1001 ignem
595 944 765 986 aetheria
797 943 914 984 domo
950 943 1227 992 subductum«,
1264 958 1348 985 cum
1376 942 1528 984 Adamo
1561 957 1718 999 compa-

229 1037 370 1070 rarent.
436 1028 606 1069 Joannes
639 1028 838 1069 Diaconus
873 1024 935 1079 (In
968 1027 1092 1083 Atleg.
1127 1026 1288 1067 Hesiod.
1322 1042 1360 1082 p.
1384 1025 1467 1067 477
1503 1023 1717 1079 Gaisford.)

230 1127 310 1154 rem
343 1114 395 1152 ita
428 1113 611 1153 tentavit:
646 1109 723 1152 οῧκ
756 1110 918 1151 ἄτοπον
951 1109 1010 1159 δὲ,
1043 1111 1083 1150 εἴ
1110 1125 1170 1159 τις
1202 1104 1349 1165 ὅρθῶς
1380 1107 1503 1150 θέλει
1530 1115 1646 1150 νοεῖν
1666 1105 1718 1149 τά

231 1195 462 1249 λεγόμενα,
497 1197 568 1235 καὶ
599 1195 656 1244 εἷς
688 1192 764 1249 τήν
795 1192 1003 1248 ἡμετέραν
1036 1190 1173 1248 αὖλῆν
1194 1190 1270 1248 Τὴν
1291 1187 1442 1248 εὖσεβῆ
1462 1192 1720 1247 παρεισάξαι

230 1276 305 1321 τὸν
344 1279 512 1333 μῦθον,
554 1281 625 1318 καὶ
667 1277 735 1319 ἐπὶ
774 1277 850 1318 τοῦ
890 1277 1160 1333 προπάῖορος
1200 1275 1463 1329 ἒκλαβὲσθαι
1500 1273 1547 1317 τὸ
1582 1276 1720 1331 νόημα

231 1360 433 1415 εὐσεβῶς,
474 1357 530 1411 ὦς
571 1359 757 1416 ἦπάτησε
794 1364 871 1414 μὲν
910 1357 984 1401 τὸν
1025 1360 1281 1415 δημιοῧργον
1320 1357 1342 1400 ὃ
1375 1356 1719 1413 πρωτόπλαστος,

232 1443 309 1501 ’τήν
342 1442 519 1500 ἐντολήν
552 1442 775 1499 παραβὰς,
808 1443 1022 1497 ἐξόριστος
1055 1443 1101 1484 δὲ
1127 1445 1298 1495 γέγονεν
1320 1441 1365 1483 ἐκ
1386 1441 1480 1483 τότε
1501 1445 1571 1498 τῆς
1584 1440 1720 1497 Ἐδέμ,

234 1532 307 1570 καὶ
332 1526 408 1584 τήν
430 1528 635 1570 ἐπίπονον
658 1524 874 1582 διαγωγήν
894 1526 1121 1582 κληροῑῖται
1142 1529 1213 1566 καὶ
1235 1523 1312 1581 τήν
1334 1526 1392 1573 dg
1413 1522 1458 1566 τὸ
1483 1525 1720 1580 κλαυθμῶ-

232 1627 305 1661 νος
345 1612 496 1653 πέδιον
535 1609 804 1665 κατάκρισιν,
845 1638 888 1643 -
926 1612 1002 1658 ἕως
1040 1605 1091 1651 οὖ
1115 1605 1327 1664 εΗροικλῆς
1358 1606 1524 1658 ἐλθών,
1566 1607 1588 1650 ὁ
1621 1606 1721 1662 ἐμὸς

226 1693 403 1751 Ἰησοῦς,
444 1696 527 1737 τῶν
566 1695 732 1749 δεσμῶν
764 1692 1060 1749 ἦλευθέρωσεν
1084 1689 1122 1747 ¹).
1185 1693 1388 1734 Herculem
1420 1708 1534 1742 vero,
1575 1692 1721 1748 mythi-

234 1795 320 1821 cum
354 1779 449 1820 illud
471 1762 584 1820 verae
616 1780 773 1819 virtutis
807 1778 1016 1834 exemplar,
1049 1776 1290 1818 multimodis
1323 1776 1372 1817 ad
1404 1777 1652 1831 sospitatoris
1684 1783 1722 1817 et

233 1863 492 1920 redemptoris
524 1864 725 1904 notionem
758 1861 956 1910 accedere,
992 1862 1268 1917 excogitarunt
1288 1862 1400 1900 etiam
1422 1859 1602 1900 hodierni
1622 1861 1721 1900 inter

233 1956 429 1988 nostrates
470 1947 646 2003 theologi
681 1943 785 1999 (vide
817 1945 865 1986 R.
893 1944 936 1986 C.
966 1944 1140 1994 Trench,
1184 1944 1355 1984 IIuIsean
1388 1943 1571 1984 Lectures
1609 1939 1719 1984 1846

233 2046 272 2087 p.
296 2029 353 2072 40
386 2038 434 2080 et,
469 2044 583 2086 quem
613 2032 715 2079 citat,
749 2029 976 2070 Buttmann.
1000 2028 1262 2084 R‘Iythologus
1284 2027 1318 2077 I,
1341 2042 1380 2083 p.
1405 2025 1490 2067 252
1513 2023 1631 2082 sqq.).
1677 2025 1721 2066 In

235 2129 280 2156 eo
324 2122 449 2155 tamen
480 2114 634 2155 Adamo
676 2113 975 2162 dissimillinms‚
1019 2111 1165 2153 Christi
1202 2119 1330 2152 autem
1364 2110 1578 2151 simillimus
1610 2123 1721 2166 repe-

234 2199 334 2238 ritur
355 2197 532 2246 Alcides,
568 2196 676 2254 qnod
705 2197 946 2252 voluptatem
980 2203 1209 2251 aspernatur
1241 2203 1279 2235 et
1309 2195 1508 2250 generosis
1541 2208 1581 2235 se
1612 2192 1722 2234 labo-

235 2280 344 2322 ribus
378 2289 415 2321 et
448 2282 563 2321 morti
595 2280 753 2321 humani
786 2281 937 2336 generis
970 2294 1062 2334 ergo
1086 2278 1240 2319 addicit.
1290 2277 1400 2319 Unde
1422 2273 1568 2331 Σωτήρ
1590 2275 1722 2332 appel-

234 2364 338 2405 latur
371 2361 598 2419 (Spanhem.
634 2363 679 2405 de
711 2378 787 2404 usu
820 2371 857 2403 et
888 2377 946 2418 pr.
971 2377 1075 2402 num.
1110 2377 1148 2417 p.
1171 2358 1297 2414 418),
1341 2369 1378 2401 et
1407 2359 1600 2400 Pindarus
1633 2373 1720 2399 eum

236 2450 289 2489 ita
321 2447 535 2504 alloquitur
568 2444 692 2500 (Nem.
712 2446 794 2495 VII,
819 2443 881 2499 9):
925 2444 1106 2486 δύνασαι
1137 2446 1351 2500 βροτοῖσιν
1381 2439 1520 2484 ἀλκάν
1549 2439 1721 2496 ἄμαχα-

236 2533 334 2573 νιᾶν
367 2530 590 2584 δυσβάτων
621 2528 749 2583 θαμά
783 2526 971 2582 διδόμεν.

358 2614 464 2667 Quae
498 2629 618 2670 quum
650 2616 703 2654 ita
735 2615 830 2662 sint,
866 2611 1028 2652 dubium
1060 2626 1139 2652 non
1172 2619 1230 2652 est
1256 2609 1351 2666 qnid
1374 2608 1419 2649 de
1441 2610 1574 2650 intima
1595 2609 1721 2650 nostri

237 2697 459 2754 Fragmenti
487 2698 767 2753 significatione
790 2697 983 2737 censuerit
1003 2693 1222 2750 Apostolus
1244 2693 1359 2749 longe
1383 2695 1554 2733 onmium
1577 2691 1721 2734 doctis-

340 2827 362 2869 ¹)
398 2823 444 2859 De
471 2824 533 2858 hoc
561 2831 757 2872 argumento
785 2825 861 2858 vide
883 2823 1052 2871 Edgarum
1073 2822 1193 2864 Quinct
1222 2822 1260 2855 de
1286 2820 1317 2855 la
1335 2821 1437 2856 Fable
1464 2820 1503 2856 de
1523 2818 1720 2855 Promethee

240 2889 432 2926 consideree
459 2889 540 2923 dans
567 2903 620 2924 ses
646 2896 801 2936 rapports
826 2901 903 2924 avec
922 2888 951 2923 Ie
971 2888 1226 2923 Christianisme
1244 2888 1374 2930 (Revue
1394 2886 1452 2921 des
1472 2886 1560 2921 deux
1577 2885 1719 2920 mondes

240 2962 319 2992 tom.
337 2955 444 2998 XIII,
471 2967 501 3001 p.
521 2954 588 2990 337
609 2957 711 3001 sqq.).
