1867 3301
850 184 1040 256 *220

247 330 320 370 erit
350 327 518 368 breviter
540 325 744 367 ostendere
766 325 842 366 hoc
864 339 1003 381 poema
1027 323 1240 365 Solomone
1262 333 1446 382 regnante
1469 327 1732 381 conscriptum

247 426 342 460 esse,
378 425 422 451 eo
448 410 609 451 consilio
634 417 678 449 ut
700 411 857 465 quintae
879 407 1085 449 Jasharani
1109 409 1365 464 syntagmatis
1388 409 1489 463 parti
1511 407 1731 448 adderetur.

246 495 419 536 Primum
456 507 596 533 moneo
631 491 789 533 Judaeis
822 493 977 532 minime
1008 492 1237 531 inusitatum
1270 489 1389 531 fuisse
1419 490 1597 531 Psalmos
1628 490 1733 532 Mosi

248 577 471 619 attribuere.
517 576 574 616 Ita
595 575 773 616 Psalmus
795 573 897 623 XC„
925 587 1076 614 carmen
1099 572 1426 629 elegantissimum
1452 581 1489 614 et
1509 575 1734 615 recentioris

248 661 360 717 styli,
396 661 534 700 summi
567 659 670 699 illius
693 658 909 715 prophetae
933 671 975 697 ac
999 656 1106 697 ducis
1129 659 1285 697 nomine
1308 656 1545 698 inscribitur.
1586 655 1733 698 Deinde

248 759 340 785 vcro
374 744 435 784 hic
467 750 602 784 noster
622 742 801 783 Psalmus
832 740 1013 797 pluribus
1046 740 1141 780 locis
1175 755 1196 780 a
1215 742 1438 795 precatione
1466 739 1529 780 illa
1550 739 1610 781 vel
1627 738 1736 795 jubi-

248 829 411 875 latione,
456 841 554 883 quae
593 827 633 866 in
668 827 795 881 primo
830 823 1021 865 Samuelis
1054 822 1154 864 libro
1189 825 1312 879 capite
1345 822 1517 864 secundo
1551 824 1736 864 inseritur

248 913 301 952 ita
343 924 553 966 expressus
594 916 671 957 est,
714 916 760 948 ut
799 907 975 948 servilem
1015 908 1221 947 imitatoris
1262 920 1417 946 manum
1459 905 1566 946 facile
1599 905 1736 962 depre-

248 993 408 1034 hendas.
461 992 527 1034 Illa
559 993 730 1048 precatio
764 991 945 1039 Hannae,
981 988 1172 1030 Samuelis
1204 991 1338 1038 matri,
1373 991 1607 1045 assignatur.
1657 988 1735 1030 Sed

249 1092 370 1134 quum
402 1092 420 1117 e
452 1090 582 1116 rerum
615 1083 651 1115 et
683 1075 962 1115 sententiarum
995 1087 1100 1113 nexu
1129 1073 1222 1113 mihi
1244 1073 1525 1129 persuasissem
1547 1071 1736 1113 Davidem

250 1175 331 1201 esse
368 1160 524 1200 illorum
557 1157 767 1199 verborum
805 1165 1020 1205 auctorem,
1062 1164 1201 1212 postea
1232 1156 1313 1197 vidi
1344 1158 1610 1212 nuperrimum
1642 1170 1736 1196 eun-

250 1244 413 1300 demque
437 1242 705 1283 ‹loctissimum
727 1240 916 1281 librorum
940 1239 1220 1280 historicorum
1242 1242 1509 1296 interpretem,
1540 1238 1735 1280 Othonem

251 1327 465 1375 Thenium,
500 1324 660 1365 eandem
693 1325 920 1364 sententiam
954 1322 1175 1378 amplexum
1209 1337 1291 1363 esse
1324 1319 1624 1379 (kurzgefasstes
1647 1337 1737 1364 exe·-

248 1410 439 1467 getisehes
472 1407 694 1449 Handbuch
726 1423 759 1447 z.
783 1406 833 1447 A.
859 1406 905 1447 T.
940 1407 1061 1446 vierte
1083 1405 1294 1463 Lieferung
1323 1421 1362 1461 p.
1388 1402 1444 1458 8).
1504 1405 1562 1446 De
1594 1405 1666 1447 hae
1695 1420 1735 1446 re

249 1493 374 1534 fusius
409 1490 619 1548 disputabo
654 1505 775 1547 quum
807 1489 857 1530 ad
889 1504 931 1531 ea
957 1489 1164 1530 Jasharani
1194 1488 1283 1530 libri
1314 1488 1529 1545 fragmenta
1561 1488 1736 1530 accedam

251 1591 347 1633 quae
386 1577 424 1616 in
466 1573 575 1615 libris
618 1573 844 1615 Samuelicis
887 1580 1149 1613 asservantur.
1216 1571 1333 1625 Quod
1372 1574 1404 1613 si
1445 1572 1505 1613 vel
1545 1571 1736 1613 Samuelis

249 1667 410 1700 matrem
448 1659 621 1698 imitatus
663 1665 721 1697 est
753 1664 860 1697 vates
902 1664 1055 1705 noster,
1100 1657 1132 1695 is
1174 1657 1309 1712 utique
1342 1656 1456 1712 longe
1483 1653 1582 1711 'Post
1611 1655 1735 1696 Mosis

249 1751 425 1799 tempora
468 1743 623 1781 vixerit.
691 1739 776 1780 Jam
818 1754 910 1779 vero
955 1739 1028 1779 loci
1071 1737 1214 1795 quibus
1256 1739 1380 1780 Mosis
1424 1738 1532 1795 quod
1573 1746 1737 1780 vocatur

251 1828 441 1867 canticum
472 1824 633 1865 Hannae
675 1838 772 1879 quae
805 1830 970 1863 vocatur
1008 1824 1271 1877 precationem
1309 1823 1513 1878 exprimit,
1554 1822 1595 1862 hi
1626 1830 1735 1863 sunt:

249 1910 365 1951 Deut.
390 1907 562 1956 XXXII,
589 1905 639 1948 31
677 1922 726 1948 ex
762 1906 779 1948 1
804 1906 908 1947 Sam.
932 1906 983 1954 II,
1009 1904 1054 1954 23
1088 1905 1204 1945 Deut.
1226 1905 1399 1954 XXXII,
1425 1904 1479 1946 39
1513 1920 1562 1946 ex
1592 1904 1734 1947 1Sarn.

250 1994 300 2041 ΙΙ,
325 1990 374 2042 6;
423 1991 538 2032 Deut.
563 1990 735 2039 XXXII,
758 1987 955 2038 41-43,
997 1987 1187 2037 XXXIII,
1213 1987 1237 2029 3
1271 2003 1319 2029 ex
1355 1987 1373 2029 1
1402 1987 1505 2029 Sam.
1528 1988 1578 2038 II,
1604 1987 1734 2038 9,10.

252 2075 330 2118 Sed
378 2074 483 2116 nulla
528 2073 746 2115 evidentior
794 2081 852 2113 est
897 2073 1123 2112 imitationis
1162 2079 1256 2112 nota
1297 2086 1413 2127 quam
1452 2074 1484 2112 si
1524 2073 1611 2128 quis
1649 2086 1737 2128 per-

250 2167 407 2216 petuam
440 2165 477 2198 et
509 2157 707 2197 solennem
740 2156 897 2196 alterius
930 2155 1167 2195 locutionem
1200 2162 1415 2195 mutuatur.
1469 2153 1611 2195 Davidi
1644 2168 1734 2195 vero

251 2243 455 2299 proprium
487 2249 546 2280 est
576 2239 722 2288 Deum,
758 2241 823 2295 qui
856 2238 1007 2294 refugio
1042 2246 1101 2278 est
1132 2246 1169 2278 et
1199 2238 1410 2293 praesidio,
1443 2252 1588 2294 rupem
1619 2233 1735 2290 (ἾἪ)

252 2339 403 2366 vocare.
466 2322 555 2364 Non
595 2321 714 2362 modo
757 2323 795 2361 in
836 2320 996 2361 Hannae
1035 2322 1279 2376 precatione,
1327 2335 1443 2376 quam
1481 2319 1623 2361 Davidi
1662 2320 1737 2361 hoc

252 2415 481 2465 argumento
521 2407 729 2462 praecipue
767 2412 898 2444 motus
939 2401 1134 2452 attribuo,
1176 2403 1243 2443 scd
1282 2405 1321 2444 in
1361 2405 1406 2443 iis
1438 2403 1602 2444 Psalmis
1635 2417 1735 2458 quos

252 2507 364 2533 nemo
399 2489 551 2531 dubitet
581 2487 743 2529 Davidis
776 2488 931 2527 nomine
963 2487 1167 2541 insignire,
1212 2485 1306 2526 haec
1337 2486 1482 2526 locutio
1517 2500 1666 2526 summa
1696 2487 1734 2526 vi

253 2573 473 2615 adhibetur.
520 2572 577 2613 Ita
604 2574 643 2612 in
664 2570 820 2611 Psalmo
842 2569 988 2618 XVIII,
1013 2567 1051 2610 3.
1087 2568 1112 2609 2
1137 2567 1241 2609 Sam.
1264 2567 1393 2617 XXII,
1420 2567 1444 2609 3
1478 2577 1516 2609 et
1537 2570 1576 2609 in
1597 2568 1734 2610 ultimo

252 2657 414 2699 Davidis
448 2657 595 2696 cantico
630 2654 655 2695 2
680 2653 784 2695 Sam.
808 2653 954 2701 XXIII,
980 2651 1004 2693 3
1037 2651 1189 2692 Jehova
1221 2651 1439 2707 appellatur
1468 2666 1602 2706 rupes.
1657 2650 1735 2692 Sed

254 2742 426 2781 imitator
466 2747 600 2779 noster
638 2752 718 2778 non
758 2737 851 2777 satis
892 2735 1031 2778 habuit
1068 2735 1167 2776 hanc
1204 2735 1438 2775 locutionem
1472 2733 1587 2774 semel
1619 2741 1734 2790 atque

254 2826 413 2872 iterum,
448 2824 559 2878 quasi
583 2829 723 2877 sponte
745 2835 835 2869 sua,
869 2819 1075 2869 adhihere,
1109 2820 1234 2859 sexies
1256 2820 1295 2858 in
1317 2817 1393 2858 hoc
1415 2819 1580 2858 carmine
1603 2815 1734 2858 eadem

255 2906 348 2947 haec
390 2905 619 2962 metaphora
655 2905 820 2946 recurrit
853 2900 990 2956 (Deut.
1013 2900 1185 2951 XXXII,
1209 2899 1249 2951 4,
1278 2898 1342 2950 15,
1370 2899 1435 2950 18,
1460 2898 1528 2949 30,
1553 2897 1620 2948 31,
1645 2896 1732 2951 37),
