1867 3301
815 198 964 269 307ss

116 348 263 382 rentur.
324 339 427 381 Sane
460 338 631 380 concedo
665 339 787 381 multa
820 354 902 381 esse
934 341 1036 380 inter
1066 338 1245 380 Psalmos
1280 340 1470 388 carmina,
1515 353 1614 396 quae

118 424 248 465 choris
281 425 481 480 aptissima
513 424 603 473 sint,
639 422 707 464 sed
738 423 889 464 nullum
923 422 1050 464 liabeo
1085 430 1379 480 argumentum,
1420 437 1539 479 quare
1571 438 1615 464 ea

115 507 177 548 vel
199 507 416 549 Jasharano
447 506 548 548 libro
573 506 865 549 annumeranda
887 507 947 548 vel
970 506 1232 563 abjudicanda
1254 521 1442 548 censeam.
1461 489 1614 563 ¹ltaque

115 607 196 634 rem
243 593 283 632 in
325 590 452 632 medio
494 591 647 648 reliqui.
702 591 769 633 Ad
811 590 1038 632 Solomonis
1078 599 1242 632 aetatem
1284 590 1393 647 qnod
1432 592 1612 647 pertinet,

116 677 275 716 nonnisi
315 674 395 716 duo
438 677 609 716 carmina
649 677 846 732 excerpsi,
891 689 990 731 quae
1021 674 1277 716 Jasharanam
1320 674 1490 715 indolem
1522 688 1615 730 prae

117 773 157 801 se
189 758 337 809 ferunt,
370 758 570 799 Psalmum
597 758 721 809 XLV,
757 744 892 816 quem,
932 767 978 800 ut
1012 760 1176 814 opinor,
1215 757 1372 799 Nathan
1404 758 1612 815 propheta,

115 851 302 899 tanquam
334 842 533 884 laureatus
566 842 677 884 aulae
709 850 838 893 vates,
873 843 1112 899 epithalamii
1145 845 1269 883 instar
1301 844 1545 898 composuit3
1579 850 1617 884 et

115 926 314 968 Psalmum
336 926 508 976 LXVIII,
545 940 659 983 quem
692 926 805 976 idem,
841 926 997 968 crebrae
1030 926 1202 968 Deborci
1235 928 1373 967 cantici
1408 926 1615 967 imitationi

117 1010 344 1067 indulgens,
396 1010 446 1051 ad
491 1010 625 1067 templi
667 1012 1001 1053 consecrationem
1039 1019 1227 1067 tanquam
1267 1010 1445 1067 generale
1487 1011 1614 1066 gentis

115 1093 355 1136 Jasharanae
388 1096 597 1151 epinicium
628 1094 766 1136 litteris
799 1094 1012 1136 mandavit.
1069 1094 1145 1144 Ita,
1182 1096 1214 1135 si
1247 1094 1387 1151 elegias
1421 1096 1460 1135 in
1492 1108 1614 1135 unum

116 1193 257 1235 poema
289 1180 472 1229 associas,
507 1187 656 1235 septem
687 1178 850 1220 habebis
884 1181 1071 1236 septimae
1103 1180 1226 1235 partis
1261 1178 1483 1220 cantilenas.

544 1423 596 1465 IN
641 1422 749 1467 CAN
753 1423 923 1467 TICUM
962 1424 1185 1466 PRIMUM.

237 1595 374 1647 Nemo,
410 1599 477 1654 qui
508 1597 634 1654 legere
665 1606 703 1639 et
723 1597 937 1655 intelligere
958 1600 1100 1655 possit,
1135 1598 1236 1638 hane
1258 1597 1487 1638 cantilenam
1509 1596 1617 1638 Han-

117 1696 209 1731 nae,
254 1680 446 1723 Samuelis
477 1683 614 1731 matri,
659 1666 868 1723 addixerit.
924 1681 1023 1724 Nam
1056 1697 1177 1739 quum
1209 1682 1306 1723 nihil
1338 1680 1392 1722 ibi
1424 1683 1476 1722 sit
1507 1680 1617 1737 quod

116 1765 184 1807 tali
215 1780 407 1822 personae
440 1767 668 1816 conveniat,
707 1768 740 1806 si
773 1768 945 1822 excipias
976 1766 1081 1807 illam
1113 1767 1257 1821 septies
1289 1767 1478 1822 parientis
1509 1780 1617 1807 men-

117 1851 264 1890 tionem
298 1846 352 1902 (v.
381 1846 445 1900 5),
488 1864 588 1906 quae
620 1851 833 1890 sententiae
865 1849 1067 1907 augendae
1101 1864 1218 1891 causa
1250 1850 1516 1891 introducitur
1547 1864 1618 1890 nec

119 1932 287 1989 quadrat
318 1934 357 1974 in
378 1933 558 1974 Hannam
582 1948 681 1990 quae
704 1948 775 1975 sex
796 1942 911 1975 natos
938 1933 1078 1975 habuit
1100 1931 1140 1987 (1
1169 1933 1274 1975 Sam.
1297 1934 1340 1983 II,
1367 1930 1460 1987 21);
1495 1933 1617 1974 multa

118 2018 264 2067 insunt,
299 2031 398 2074 quae
431 2017 479 2059 ab
501 2017 642 2059 Hanna
674 2017 776 2059 dicta
803 2032 887 2059 esse
909 2033 990 2059 non
1012 2026 1208 2074 poterant,
1241 2019 1471 2075 praesertim
1494 2032 1615 2074 quum

117 2101 250 2142 nullus
291 2110 392 2143 esset
430 2110 525 2143 tunc
564 2104 752 2158 temporis
793 2104 894 2143 inter
932 2102 1125 2143 Israelitas
1166 2117 1258 2152 rex,
1301 2104 1368 2159 qui
1407 2110 1538 2143 tamen
1576 2104 1617 2143 in

117 2185 256 2226 ultimo
289 2194 478 2227 commate
510 2194 697 2242 tanquam
720 2201 742 2226 a
762 2186 915 2228 Jehova
936 2194 1079 2228 unctus
1107 2185 1250 2228 diserte
1273 2194 1614 2228 commemoratur.

117 2268 250 2326 Atque
266 2269 456 2311 Ewaldus
479 2270 637 2326 quidem
659 2269 872 2312 arbitratur
895 2266 973 2324 (die
995 2271 1225 2327 poetischen
1243 2270 1398 2312 Biicher
1420 2270 1487 2312 des
1504 2269 1614 2312 A.B.

117 2351 153 2402 I,
185 2367 224 2409 p.
254 2350 352 2406 111)
386 2353 462 2395 hoe
500 2356 691 2396 canticum
731 2353 853 2396 fuisse
893 2356 1102 2410 epinicium
1142 2356 1378 2411 antiquioris
1412 2353 1616 2410 cujusdam

116 2436 377 2478 Israelitarum
410 2440 534 2494 rcgi53
566 2437 839 2480 Bertholdtius
864 2435 981 2492 (Eiul.
1001 2439 1060 2488 III,
1086 2436 1189 2491 915)
1213 2438 1403 2479 Davidem
1429 2446 1615 2494 tanquam

119 2529 316 2563 auctorem
359 2521 442 2577 ejus
482 2521 654 2578 prosert3
697 2531 736 2564 et
775 2522 868 2564 Otto
911 2522 1089 2563 Thenius
1130 2519 1208 2574 (die
1247 2522 1404 2563 Biicher
1437 2521 1615 2563 Samucls

117 2619 156 2661 p.
182 2601 225 2657 8)
258 2620 337 2646 non
369 2605 489 2647 modo
515 2606 706 2647 Davidem
739 2606 840 2647 hanc
873 2605 975 2648 oden
1007 2607 1209 2662 scripsisse
1243 2613 1433 2655 autumat,
1467 2605 1537 2646 sed
1569 2620 1613 2646 co

122 2688 284 2729 consilio
317 2691 520 2745 scripsisse
552 2698 597 2731 ut
630 2689 834 2732 Goliathae
868 2689 1124 2731 devictionem
1159 2689 1381 2731 celebraret.
1421 2689 1615 2746 Equidem

122 2771 172 2812 ad
203 2772 362 2813 eandem
395 2766 626 2814 sententiam
659 2788 946 2823 concesseram,
988 2782 1198 2830 antequam
1232 2773 1374 2815 Thenii
1408 2772 1616 2815 Commen-

121 2857 263 2897 tarium
297 2858 568 2912 inspexissem.
614 2857 870 2914 Argumenta,
907 2871 1006 2913 quae
1038 2871 1097 2898 me
1126 2865 1348 2907 moverunt,
1383 2856 1460 2898 fere
1483 2856 1615 2898 eadem

121 2947 215 2980 sunt
254 2947 372 2995 atque
404 2954 448 2981 ea
481 2954 580 2996 quae
614 2941 791 2982 Thenius
825 2939 1005 2982 adduxit.
1051 2941 1092 2981 ln
1125 2943 1260 2998 primis
1293 2942 1394 2982 enim
1426 2939 1615 2982 habemus

1260 3020 1330 3055 20*
