1867 3301
947 239 1046 286 100

247 375 395 419 Noachi
437 372 686 435 genealogiae
728 378 842 419 fidem
876 379 1032 429 habuit,
1076 388 1113 420 et
1145 378 1245 419 duos
1279 378 1397 419 fuisse
1429 381 1580 435 generis
1612 382 1737 420 nostri

246 464 442 518 genitores
482 464 654 519 putavit,
702 476 870 518 quorum
911 477 931 502 a
973 462 1144 503 seeundo
1186 471 1264 503 tres
1304 462 1355 502 illi
1388 461 1585 518 Eponymi
1619 464 1738 519 origi-

246 560 331 585 nem
374 560 483 586 suam
526 555 741 586 traxerunt.
810 544 1059 586 Sufficianms
1100 554 1248 595 autem,
1290 546 1350 586 vel
1391 547 1422 586 si
1460 547 1581 586 mavis
1621 545 1738 586 redu-

247 643 389 677 camus,
425 644 564 670 nomen
589 628 751 678 Adami,
788 637 825 669 et
855 644 1049 684 ponamus
1084 628 1159 669 hoc
1190 628 1465 685 Fragmentum
1498 642 1584 669 cum
1617 628 1735 669 altero

244 711 373 752 Partis
407 714 553 767 primae
588 720 689 754 arcte
724 712 943 753 cohaerere.
997 712 1101 753 lllieo
1136 714 1263 752 omnia
1297 714 1407 768 quasi
1440 714 1478 753 in
1511 711 1620 754 sedes
1647 726 1737 753 suas

244 794 450 845 redibunt,
488 798 616 837 onmia
650 798 874 845 concinent,
910 804 947 837 et
976 795 1172 837 modulate
1195 810 1273 836 una
1294 795 1497 837 harmonia
1521 795 1735 836 decurrent.

244 876 341 918 Nam
376 878 452 919 1106
485 894 643 935 quoque
667 879 943 936 Fragmentum
966 879 1192 920 Jehovistae
1217 893 1317 935 opus
1350 894 1433 920 esse
1465 878 1634 920 declarat
1656 878 1737 919 for-

245 962 348 1003 mula
369 961 651 1003 benedictionis
672 960 785 1015 (Gen.
804 962 871 1011 IX,
892 959 978 1014 26).
1021 961 1072 1002 Ε1
1093 961 1170 1003 sere
1192 962 1328 1003 ultima
1348 964 1491 1018 prioris
1513 962 1734 1019 Fragmenti

244 1045 362 1086 verba
405 1046 718 1102 significaverant
749 1045 946 1087 Adamum
987 1059 1035 1086 ex
1066 1044 1198 1086 Edene
1231 1045 1484 1086 exturbatum
1515 1044 1634 1087 fuisse
1667 1053 1737 1086 »ut

242 1137 384 1170 terram
426 1129 593 1170 coleret«
629 1127 750 1181 (Gen.
781 1129 847 1178 III,
883 1125 976 1181 23).
1043 1127 1166 1181 Quam
1209 1137 1297 1185 apte
1336 1131 1457 1186 igitur
1487 1137 1734 1186 sequeretur:

245 1212 323 1253 »Et
362 1213 549 1253 Adamas
590 1214 719 1268 coepit
764 1228 846 1253 esse
894 1212 1084 1269 agricola,
1135 1221 1172 1253 et
1210 1214 1327 1253 vitem
1369 1215 1569 1254 consevit«
1612 1209 1732 1265 (Gen.

241 1295 314 1346 IX,
341 1293 427 1348 20).
491 1295 641 1336 Deinde
673 1295 862 1345 Adamus,
899 1298 964 1352 qui
991 1297 1071 1351 jam
1105 1304 1192 1336 ante
1226 1296 1367 1336 carnali
1399 1298 1734 1353 concupiscentiae

242 1393 380 1420 manus
423 1379 600 1427 dederat,
646 1381 685 1419 111
717 1380 979 1421 temulentiam
1014 1394 1173 1436 quoque
1207 1379 1340 1420 eadere
1371 1382 1584 1435 potuisset,
1626 1379 1735 1436 quod

242 1464 380 1503 vitium
415 1464 483 1503 vix
517 1463 598 1503 fieri
639 1471 772 1518 potest
803 1471 848 1503 111
878 1463 1064 1504 Νο3611115
1099 1465 1185 1504 »vir
1218 1462 1290 1503 deo
1325 1471 1526 1519 3666111115,
1567 1463 1731 1519 probus,

243 1548 416 1586 omnium
460 1546 561 1586 illius
605 1548 739 1587 aetatis
781 1549 947 1587 maxime
986 1548 1096 1602 pius,
1147 1555 1184 1587 et
1222 1546 1346 1587 Deum
1388 1548 1533 1587 sincere
1576 1546 1731 1588 colens«

243 1626 357 1681 (Gen.
376 1629 449 1678 VI,
479 1628 517 1677 8,
543 1626 585 1682 9)
618 1631 658 1669 111
691 1644 731 1670 56
765 1629 974 1671 admiserit.
1037 1629 1264 1678 Postremo,
1299 1629 1405 1670 Deus
1437 1629 1590 1671 Adamo
1622 1644 1730 1686 prae-

241 1721 416 1769 ceperat,
451 1720 496 1753 ut
527 1711 742 1753 nuditatem
775 1727 884 1754 5113111
917 1713 1062 1753 velaret
1094 1710 1206 1764 (Gen.
1233 1712 1299 1762 ΙΠ,
1325 1709 1420 1765 21);
1462 1726 1581 1769 (11111111
1614 1715 1733 1770 igitur

240 1796 343 1836 filius
382 1797 464 1851 ejus
498 1811 575 1836 non
610 1795 729 1836 modo
762 1799 944 1852 pietatem
976 1811 1110 1837 verum
1143 1797 1256 1836 etiam
1288 1793 1359 1836 Dei
1390 1795 1614 1837 mandatum
1647 1798 1733 1837 vio-

239 1879 376 1929 lasset,
412 1878 637 1935 inexpiabili
672 1894 711 1920 se
744 1880 944 1936 relligione
979 1881 1167 1921 oneravit.
1218 1878 1297 1920 Sed
1328 1887 1373 1919 ut
1397 1887 1540 1920 arctam
1563 1879 1731 1921 duorum

239 1962 564 2019 Fragmentorum
600 1963 923 2004 necessitudinem
950 1964 1106 2019 penitus
1128 1969 1370 2018 perspectam
1393 1961 1616 2013 habeamus,
1650 1977 1730 2004 non

241 2048 352 2102 quasi
383 2061 454 2102 per
488 2054 733 2087 transennam
765 2054 1056 2102 praetereuntes
1090 2047 1271 2095 strictim,
1316 2045 1383 2086 sed
1414 2047 1453 2086 in
1485 2048 1615 2103 aprica
1645 2046 1729 2087 luce

240 2137 277 2169 et
317 2131 473 2170 attentis
509 2130 631 2170 oculis
665 2130 971 2185 contemplemur
1003 2131 1196 2170 sonticum
1227 2129 1335 2170 illum
1369 2128 1506 2170 Chami
1540 2128 1730 2171 (131133111-

240 2224 315 2267 (1116
346 2212 540 2253 morbum.
592 2212 696 2265 Quid
727 2215 848 2269 igitur
878 2221 1135 2269 patraverunt
1165 2214 1247 2261 isti,
1283 2212 1391 2268 quod
1423 2215 1573 2254 tertiam
1602 2215 1728 2270 gentis

238 2294 430 2336 humanae
462 2303 610 2350 partem
644 2304 834 2351 perpetuo
868 2296 1022 2351 piaculo
1057 2296 1365 2337 contaminaret?

357 2378 496 2419 Adami
530 2380 654 2433 ipsius
679 2379 823 2433 lapsus,
859 2387 903 2419 ut
924 2393 1043 2434 supra
1065 2378 1247 2428 vidimus,
1281 2394 1360 2419 non
1384 2378 1548 2419 obscure
1570 2381 1728 2435 respicit

238 2460 286 2501 ad
329 2459 562 2501 obscoenam
603 2461 868 2502 Baal-Peoris
909 2461 969 2501 vel
1009 2460 1138 2516 Priapi
1181 2461 1440 2502 idololatriam
1480 2476 1565 2502 cum
1605 2461 1727 2503 forni-

238 2546 389 2585 catione
423 2545 681 2599 conjunctam.
733 2543 899 2585 Constat
930 2552 1057 2585 autem
1090 2543 1285 2584 Phallicos
1318 2547 1416 2585 ritus
1451 2559 1535 2586 cum
1558 2544 1726 2601 Dionysi

238 2627 345 2667 cultu
385 2628 616 2682 conjunctos
658 2627 705 2667 al)
739 2627 923 2684 Aegypto
968 2628 1153 2683 originem
1195 2642 1304 2668 suam
1345 2630 1512 2669 traxisse
1553 2625 1722 2680 (Herod.

236 2708 286 2757 ΙΙ,
312 2706 413 2762 49),
455 2710 591 2751 deinde
624 2713 661 2750 in
695 2711 951 2751 Palaestinam
987 2718 1024 2750 et
1055 2710 1303 2773 Plroeniciam
1337 2713 1582 2767 migravisse,
1618 2711 1724 2752 deni-

238 2804 312 2848 que
344 2806 414 2847 per
446 2795 632 2834 minorem
665 2793 799 2834 Asiam
833 2801 1052 2849 grassatos,
1087 2792 1153 2833 11111
1186 2794 1418 2849 peculiarem
1452 2796 1562 2850 (111351
1595 2793 1722 2835 sedem

236 2876 274 2914 in
315 2874 462 2930 Mysia,
504 2879 730 2931 praesertim
774 2877 995 2931 Lampsaci,
1042 2878 1141 2917 nacti
1183 2885 1292 2926 sunt,
1334 2892 1405 2932 per
1438 2877 1643 2918 Thraciam
1683 2879 1720 2917 in

237 2957 505 2998 meridionales
530 2958 709 3000 Graeciae
741 2962 921 3015 regiones
954 2961 1154 3014 irrupisse.
1205 2958 1283 3001 Sed
1316 2962 1467 3002 tametsi
1492 2960 1586 3001 11366
1606 2960 1722 3002 Asia-
