1867 3301
647 451 994 502 CAPITULUM
1032 450 1081 499 ΙΙ.

188 570 333 607 Veritas
365 569 487 607 divina
515 570 553 606 in
583 568 703 606 Sacris
732 568 878 604 Litteris
907 567 1105 604 identidem
1136 566 1204 603 sub
1234 566 1343 615 pallio
1373 566 1461 603 latet
1493 573 1528 602 et

710 638 911 687 detegenda
942 645 1007 674 est.

235 832 386 887 Quodsi
410 831 573 874 verbum
597 832 666 873 Dei
690 833 814 888 ipsius
843 856 889 861 -
916 830 1086 872 revelata
1113 830 1266 872 divinae
1288 832 1462 872 veritatis
1486 832 1608 887 signi-

111 917 260 966 ficatio,
304 918 574 973 optatissimus
615 916 676 956 ille
718 916 814 956 coeli
854 916 1017 956 nuntius
1057 940 1102 944 -
1140 929 1221 955 non
1261 917 1301 955 in
1340 914 1466 955 littera
1507 928 1606 970 quae

113 999 273 1049 occidit,
317 999 386 1040 sed
417 1001 457 1039 in
489 1000 653 1055 spiritu,
689 1001 757 1055 qui
789 998 961 1039 vivificat
994 995 1057 1051 (D.
1081 997 1193 1038 Paul.
1218 997 1266 1038 ad
1291 996 1383 1039 Cor.
1407 998 1456 1046 H,
1484 996 1521 1045 3,
1547 995 1604 1049 6),

113 1082 376 1140 quaerendum
410 1091 487 1131 est,
529 1097 609 1122 non
642 1084 681 1122 in
714 1082 877 1138 singulis
911 1080 1072 1137 syllabis
1106 1089 1143 1122 et
1174 1081 1417 1121 locutionum
1453 1081 1606 1121 clausu-

111 1166 176 1215 lis,
211 1165 279 1206 sed
311 1168 351 1206 in
383 1167 566 1206 universa
598 1180 798 1206 sacrorum
830 1164 1021 1206 librorum
1051 1179 1260 1222 compage,
1296 1166 1603 1214 continuatione,

111 1258 149 1291 ct
188 1257 397 1298 concent113
442 1250 662 1304 insipientis
707 1256 765 1289 est
803 1262 959 1304 sperare
1000 1247 1083 1289 sore
1121 1256 1167 1289 ut
1206 1250 1430 1289 interiorem
1464 1248 1605 1289 Sacrae

111 1332 337 1389 Scripturae
370 1346 527 1372 sensum
559 1330 706 1388 ubique
740 1333 852 1387 quasi
883 1331 1124 1387 primoribus
1157 1331 1276 1372 labris
1298 1340 1457 1388 gustare
1479 1331 1603 1380 liceat,

110 1425 155 1457 ut
192 1425 379 1472 tanquam
417 1415 571 1471 plumas
611 1417 651 1455 in
692 1429 843 1455 summa
882 1429 984 1471 aqua
1026 1414 1286 1464 colludentes,
1330 1417 1383 1456 ita
1417 1417 1604 1470 scriptum

111 1498 284 1556 Spiritus
308 1498 442 1539 Sancti
472 1499 740 1539 testimonium
773 1498 954 1555 colligere
987 1497 1210 1539 debeamus.
1258 1499 1378 1539 Immo
1402 1513 1495 1539 vero
1524 1512 1603 1554 quo

110 1582 224 1623 altius
257 1584 444 1623 rimamur
476 1582 628 1622 occulta
658 1582 724 1622 illa
753 1584 960 1638 mysteria,
995 1596 1040 1622 eo
1073 1583 1199 1623 tutitls
1233 1581 1282 1622 ad
1307 1596 1451 1638 corpus
1475 1583 1604 1638 ipsum

108 1680 179 1722 per
209 1665 424 1706 velamenta
465 1680 508 1707 ac
545 1673 672 1706 vestes
714 1664 1028 1721 penetrabimus3
1069 1680 1148 1722 quo
1192 1667 1314 1722 magis
1357 1667 1605 1722 expiscamur

110 1757 246 1805 operta
267 1748 339 1790 Dei
370 1747 571 1797 mandata,
608 1763 653 1789 eo
687 1750 931 1790 constantius
954 1748 1234 1804 indipiscemur
1258 1748 1455 1790 Creatoris
1478 1751 1605 1790 nostri

108 1834 315 1889 promissa.
381 1831 486 1886 Quid
527 1834 627 1873 enim
661 1831 761 1873 dixit
795 1831 983 1873 Servator
1014 1834 1098 1889 ipse
1130 1832 1294 1873 noster?
1341 1832 1605 1874 »Scrutamini

109 1914 363 1971 Scripturas«
392 1941 438 1945 -
465 1914 663 1970 ἕρευνᾶτε
683 1912 759 1964 τάς
779 1915 953 1971 γραφάς
976 1914 1134 1968 (Joann.
1152 1915 1202 1965 V,
1228 1912 1315 1968 39).
1363 1914 1453 1956 Non
1477 1918 1604 1957 otiose

109 2007 226 2054 atque
259 1998 365 2039 aliud
397 2008 574 2055 agentes,
609 1999 678 2040 sed
709 2014 862 2040 summo
896 2001 987 2040 nisu
1018 2007 1055 2040 et
1082 2001 1193 2055 quasi
1225 2001 1383 2040 armatis
1407 1999 1530 2039 oculis
1563 2000 1603 2040 in

109 2080 353 2137 Scripturam
386 2083 642 2138 introspicere
675 2081 879 2130 debemus,
915 2084 948 2122 si
983 2090 1130 2123 certum
1156 2082 1323 2138 aliquem
1347 2090 1384 2123 et
1404 2090 1602 2124 maturum

108 2164 322 2220 relligionis
345 2164 515 2206 fructum
537 2166 626 2206 inde
649 2165 856 2221 deportare
881 2165 1075 2206 volumus.
1124 2165 1287 2221 Alioqui
1310 2165 1473 2206 verbum
1495 2166 1603 2207 istud

108 2246 382 2288 absconditum
414 2248 586 2306 manebit
617 2248 754 2297 nobis,
798 2263 924 2305 neque
956 2249 1215 2305 intelligemus
1249 2263 1292 2290 ea
1325 2263 1424 2306 quae
1457 2252 1603 2306 scripta

108 2339 200 2372 sunt
233 2328 343 2383 (Luc.
366 2331 511 2381 XVIII,
546 2329 632 2385 34).
698 2332 777 2374 Sed
817 2340 954 2373 contra
986 2332 1128 2373 diserte
1160 2334 1435 2389 pronuntiavit
1466 2332 1600 2374 Jesus:

109 2414 231 2455 »nihil
263 2424 443 2470 opertum
476 2424 534 2456 est
566 2415 675 2471 quod
705 2430 786 2456 non
818 2415 1067 2465 revelabitur,
1102 2424 1140 2457 et
1172 2416 1367 2457 occultum
1391 2416 1499 2472 quod
1521 2431 1602 2457 non

107 2499 275 2538 scietur«
310 2495 468 2550 (Matth.
493 2498 549 2547 X,
575 2496 661 2551 26).
720 2498 853 2555 Atque
884 2499 989 2540 Idem
1021 2515 1094 2541 nos
1127 2499 1351 2541 admonuit:
1388 2502 1531 2555 »petite
1564 2508 1602 2541 et

108 2580 265 2621 dabitur
287 2580 421 2621 vobis:
455 2583 648 2637 quaerite,
674 2590 711 2623 et
732 2584 956 2623 invenietis:
990 2583 1162 2639 pulsate,
1188 2592 1226 2623 ct
1248 2584 1444 2638 aperietur
1466 2582 1600 2624 vobis:

108 2666 234 2704 omnis
267 2666 366 2704 enim
400 2666 468 2720 qui
498 2667 598 2720 petit
629 2666 787 2721 accipit,
823 2675 861 2707 et
887 2668 953 2722 qui
979 2668 1131 2723 quaerit
1158 2667 1326 2715 invenit,
1362 2675 1399 2707 et
1427 2666 1600 2722 pulsanti

108 2749 330 2802 aperietur«
370 2745 534 2800 (Matth.
562 2748 650 2797 Vll,
687 2746 725 2789 7.
760 2746 826 2801 8).
890 2749 963 2790 Vel
1005 2751 1042 2790 in
1075 2748 1179 2789 Novi
1214 2749 1453 2791 Testamenti
1489 2749 1598 2790 libris

105 2830 229 2870 multa
266 2830 475 2872 etiamdum
515 2840 684 2882 restant,
730 2841 845 2889 atque
887 2848 930 2873 ea
970 2848 1049 2873 non
1090 2834 1201 2888 parvi
1241 2835 1448 2881 momenti,
1500 2848 1598 2889 quae

107 2913 479 2956 commentatoribus
512 2914 688 2956 fraudem
720 2915 912 2965 fecerunt,
946 2924 1156 2972 propterea
1187 2916 1410 2967 dumtaxat,
1447 2918 1538 2973 quia
1559 2919 1598 2957 in
