1867 3301
948 178 1018 249 ⁴48

240 332 340 375 opus
374 324 432 360 est
462 324 508 359 ut
539 316 664 359 fusius
697 331 905 373 exponam.
966 316 1085 370 Quod
1116 316 1230 359 ambo
1264 325 1382 374 caput
1413 318 1585 374 erigunt,
1620 316 1729 375 quod

240 417 429 443 venenum
453 387 566 453 (ἰόν).
591 403 790 450 emittunt,
826 400 935 457 quod
966 402 1108 441 vertice
1140 402 1308 457 impacto
1341 410 1524 457 proterve
1551 403 1727 451 arietant,

207 510 214 519 x
239 493 276 526 et
308 494 450 534 cetera,
487 499 585 541 quae
619 486 835 526 enumerari
867 491 1050 540 possent,
1085 499 1165 527 rem
1194 486 1320 541 ipsam
1342 486 1435 526 satis
1459 493 1547 541 apte
1569 484 1728 526 demon-

239 577 376 609 strant.
426 568 650 617 Praeterea,
686 567 793 624 apud
815 576 964 609 veteres
997 568 1206 624 plerosque
1239 582 1398 624 serpens
1421 576 1480 608 est
1501 569 1602 608 vitae
1624 582 1730 624 sym-

237 651 392 701 bolum,
429 660 467 692 et
498 653 537 692 in
569 666 720 708 gemma
752 650 946 707 insculpta
979 651 1085 707 apud
1105 651 1338 708 Knightium
1361 648 1440 704 (On
1462 651 1527 692 the
1549 650 1728 707 worship

240 734 286 775 of
311 735 478 791 Priapus
511 750 549 791 p.
578 733 644 776 19.
677 734 735 775 Pl.
759 731 813 787 V)
854 749 1012 790 serpens
1055 743 1204 776 erectus
1244 734 1544 790 ithyphallieum
1574 735 1729 790 signum

240 818 416 874 depingit
436 813 474 870 ¹).
523 818 574 859 Et
596 819 663 874 qui
685 817 735 858 ad
757 816 967 858 diabolicas
990 820 1121 859 nescio
1146 832 1242 875 quas
1264 818 1570 859 machinationes
1592 824 1730 858 cuncta

239 901 441 943 reserenda
463 909 640 951 censent,
674 903 699 942 ii
723 916 803 942 non
826 900 968 943 debent
990 901 1169 942 oblivisci
1190 902 1398 957 Priapum,
1433 915 1548 957 quem
1570 896 1731 953 κόσμον

239 984 436 1027 vocabant
453 994 614 1035 veteres,
639 984 792 1026 easdem
813 993 943 1040 partes
968 986 1159 1026 sustinere
1182 993 1298 1041 atque
1322 980 1469 1039 ἄρχων
1485 985 1557 1024 iste
1574 993 1731 1036 κοσμο-

241 1067 427 1124 κράτωρ,
462 1083 576 1125 quem
607 1069 754 1124 peccati
787 1075 984 1109 auctorem
1017 1066 1236 1123 perhibent.
1300 1066 1468 1116 Deinde,
1510 1065 1730 1107 facillimum

241 1161 300 1194 est
330 1152 561 1208 intelligere,
596 1150 928 1208 quemadmodum
960 1159 1193 1207 conspectus
1225 1152 1309 1207 ipse
1340 1150 1497 1207 phallici
1526 1150 1728 1206 serpentis,

239 1243 451 1292 postquam
483 1243 601 1290 caput
632 1237 838 1284 erexisset,
872 1236 912 1275 in
944 1234 1103 1276 muliere
1134 1235 1281 1291 peccati
1314 1233 1507 1290 igniculos
1538 1241 1576 1274 et
1595 1234 1731 1289 ignota

242 1317 504 1375 cognoscendi
537 1318 711 1359 studium
731 1316 759 1371 ²)
799 1320 987 1359 suscitare
1018 1326 1172 1374 posset,
1215 1332 1314 1374 quae
1346 1318 1385 1357 in
1417 1318 1582 1358 vetitum
1612 1329 1731 1371 appe-

241 1404 356 1443 titum
388 1401 548 1442 inducta
571 1403 658 1442 viro
691 1401 902 1457 persuadet
933 1410 978 1442 ut
1007 1416 1093 1442 wia
1124 1415 1215 1442 cum
1244 1401 1338 1456 ipsa
1369 1396 1529 1466 (Πῖξῖ)
1562 1397 1731 1440 fructum

242 1500 264 1526 a
284 1485 367 1526 Deo
399 1485 632 1541 denegatum
654 1484 884 1525 comederet.
935 1483 1065 1537 Quum
1088 1486 1208 1540 igitur
1230 1485 1486 1539 conjzmctc'm,
1520 1498 1600 1524 non
1620 1496 1730 1523 seor-

241 1569 330 1623 sim,
364 1570 567 1618 esitarent,
610 1567 660 1608 ad
689 1577 866 1609 mutuam
899 1567 1095 1624 quandam
1129 1569 1396 1623 operationem
1426 1568 1585 1622 respicit
1614 1573 1731 1622 poeta

241 1660 388 1693 noster.
451 1652 537 1693 Jam
569 1666 662 1692 vero
704 1652 915 1708 simplicem
955 1646 1093 1693 edendi
1131 1652 1321 1692 actionem
1352 1651 1625 1707 unusquisque
1657 1662 1729 1704 pro

243 1749 283 1777 se
315 1735 505 1785 absolvit3
538 1749 663 1792 neque
695 1735 774 1776 ulla
805 1735 879 1775 alia
910 1743 1047 1776 mutua
1078 1743 1137 1776 est
1168 1736 1364 1791 appetitus
1389 1733 1546 1782 fruitio,
1578 1740 1732 1789 praeter

243 1833 345 1867 eam,
380 1818 429 1859 ad
464 1833 579 1875 quam
613 1820 742 1859 omnia
775 1818 837 1859 hic
868 1820 1082 1874 pertinent,
1124 1832 1281 1874 nempe,
1317 1817 1515 1858 sexualem
1545 1817 1619 1857 viri
1650 1814 1732 1856 soe-

242 1904 446 1959 minaeque
480 1903 645 1951 coitum,
681 1895 707 1959 ᾗ
737 1902 866 1955 θέμις
897 1897 1148 1956 ἀνθρώπων
1179 1899 1316 1950 πέλει,
1349 1897 1520 1955 ἀνδρῶν
1549 1896 1625 1954 ἡδὲ
1655 1912 1731 1949 γυ-

242 1984 414 2027 ναικῶν.
460 1983 516 2026 Ne
550 1983 645 2041 quid
678 1993 806 2026 autem
838 1984 946 2026 dubii
971 1985 1268 2041 relinqueretur,
1302 1984 1411 2025 addit
1431 1991 1580 2032 auctor,
1615 1994 1732 2038 πρω-

243 2067 444 2120 τογόνους
482 2076 642 2109 nostros
683 2083 762 2109 una
802 2067 952 2109 edendo
994 2069 1244 2124 perspexisse
1283 2082 1324 2108 se
1355 2067 1486 2108 modos
1517 2061 1729 2126 (ΠὋΞἾᾙ)

245 2166 340 2192 esse.
403 2151 601 2192 Pudorem
640 2152 759 2193 istum
792 2151 990 2194 sexualem
1020 2166 1102 2192 non
1133 2159 1221 2192 ante
1252 2150 1516 2207 pubertatem,
1558 2149 1620 2190 vel
1650 2134 1731 2189 ma-

242 2236 441 2275 turitatem
480 2234 726 2291 genitalium,
771 2236 883 2285 oriri,
926 2236 1183 2276 certissimum
1220 2242 1290 2276 est.
1354 2234 1471 2275 Pueri
1502 2232 1732 2290 puellaeque

347 2410 370 2453 ¹)
404 2408 546 2444 Constat
571 2421 709 2444 aeneum
737 2415 943 2456 serpentem,
978 2421 1076 2455 quem
1104 2409 1218 2444 Moses
1245 2408 1440 2443 faciundum
1468 2408 1612 2449 curavit,
1643 2407 1731 2442 vitae

246 2486 279 2515 et
304 2481 488 2514 sanationis
516 2482 649 2527 signum
668 2480 794 2523 fuisse,
821 2481 1033 2527 eundemque
1053 2481 1093 2515 ad
1111 2491 1268 2515 uraeum
1286 2480 1532 2526 Aegyptiorum
1551 2484 1731 2525 spectasse,

248 2553 305 2597 qui
331 2554 453 2586 Solem
481 2551 633 2593 denotat,
661 2552 748 2586 vitae
776 2557 809 2586 et
833 2553 1060 2598 generationis
1088 2551 1299 2598 symbolum,
1327 2556 1360 2586 et
1384 2552 1608 2595 Dionysum,
1634 2548 1730 2595 cujus

246 2622 280 2656 in
305 2621 457 2668 phallicis
486 2623 590 2668 orgiis
618 2627 708 2656 tanta
736 2628 805 2657 erat
830 2624 1023 2657 auctoritas.

346 2695 372 2736 ²)
404 2693 501 2727 Verti
528 2680 698 2745 &Diffi-jb-
726 2692 772 2736 (v.
792 2691 827 2738 6)
854 2699 914 2728 -nt
940 2705 1024 2739 quae
1044 2693 1269 2740 cognitionem
1289 2697 1504 2738 praestaret«
1534 2692 1625 2727 Bene
1644 2691 1730 2726 enim

246 2764 441 2799 Maurerus:
467 2747 751 2805 -Rosemhflll'en,
780 2764 911 2806 Gesen.‚
938 2764 1069 2799 Winer.
1097 2763 1151 2798 alii
1178 2763 1368 2798 maluerunt
1394 2763 1471 2797 huic
1496 2763 1599 2798 verbo
1626 2765 1732 2806 aspi-

247 2837 367 2869 cienda·
401 2833 623 2881 significatum
659 2834 865 2869 chaldaicum
900 2835 1065 2878 tribuere,
1097 2836 1294 2870 necessitate
1321 2833 1414 2869 nulla
1439 2839 1596 2881 urgente,
1631 2838 1731 2878 atque

248 2911 406 2941 contextu
434 2907 637 2940 contrarium
665 2905 863 2941 suadente·
