1867 3301
879 190 1052 261 *220

256 332 457 387 patrisque
490 331 572 386 ejus
607 329 656 371 ad
688 329 967 370 divinationem
989 337 1162 385 spectare
1185 328 1438 370 confirmatur
1457 331 1614 371 nomine
1636 329 1744 372 urbis

256 416 295 454 in
336 427 413 470 qua
454 412 737 454 diversabatur.
799 411 918 461 Nam,
962 420 1007 452 ut
1037 411 1398 468 Hengstenbergius
1438 420 1549 454 acute
1582 412 1746 468 conjecit

258 493 319 553 (p.
349 493 451 549 35),
495 496 589 537 urbs
630 490 753 554 ἾἽΠΞ
794 497 834 536 in
872 495 1160 551 Mesopotamia
1200 492 1339 548 (Deut.
1369 494 1517 544 XXIII,
1549 493 1588 536 5.
1626 493 1743 536 Num.

255 579 386 627 XXII,
421 576 471 631 5)
511 579 657 620 indicat
693 558 842 628 locum,
887 577 956 618 ubi
989 578 1194 634 collegium
1223 580 1480 634 interpretum
1512 577 1745 620 celebratum

256 670 334 711 est3
367 661 483 702 radix
514 665 613 703 enim
647 666 750 728 Ἶζᾞ
784 661 975 718 significat
1005 661 1292 717 interpretatus
1324 668 1382 702 est
1406 661 1607 703 somnium
1629 658 1743 714 (Gen.

254 744 346 793 XL,
380 744 424 793 8,
454 743 527 795 16,
555 742 651 797 22),
695 744 796 785 unde
836 739 976 812 VNDE}
1016 727 1164 786 somnii
1201 745 1481 801 interpretatio
1522 742 1636 797 (Gen.
1657 744 1742 794 XL,

258 825 430 879 12,18).
487 827 690 869 Concludo
724 829 845 884 igitur
875 827 1089 868 Bilcamum
1122 829 1162 868 in
1193 829 1356 884 antiquo
1389 836 1568 883 poemate
1599 827 1743 868 idcirco

255 906 360 956 7312
393 912 474 956 UD
514 911 750 966 appellatum
784 909 903 951 fuisse
937 912 1028 966 quid
1059 905 1202 955 'wart
1241 913 1374 966 potuit
1405 910 1621 967 significare
1655 925 1746 952 eum

255 995 326 1050 qui
362 994 642 1035 maledicendo
674 994 836 1049 perdit,
880 995 933 1033 ita
972 1001 1016 1034 ut
1056 992 1173 1033 officii
1212 993 1275 1034 hic
1316 993 1579 1035 definitionem
1608 995 1744 1050 potius

255 1092 370 1133 quam
403 1079 555 1132 patenti
586 1078 754 1118 nominis
787 1075 1013 1117 habeamus.
1063 1074 1248 1117 Similitel
1279 1077 1318 1117 in
1350 1076 1450 1118 liblo
1473 1076 1618 1118 Josuae
1643 1076 1745 1118 idem

253 1160 448 1202 Bileamus
482 1160 700 1216 appellatur
731 1163 902 1228 ΠῦἾΡζἹ
934 1161 959 1200 i.
983 1174 1014 1201 e.
1049 1158 1232 1200 hariolus
1265 1157 1385 1212 (XIII,
1411 1157 1497 1213 22),
1530 1168 1576 1201 ut
1607 1174 1628 1200 a
1649 1173 1743 1201 vero

254 1244 450 1300 propheta
489 1243 743 1285 discernatur.
809 1242 888 1284 Sed
926 1242 1093 1284 fortasse
1138 1257 1427 1299 supervacanea
1466 1251 1525 1284 est
1562 1243 1657 1284 haec
1697 1242 1744 1283 de

253 1326 479 1368 nominibus
529 1328 829 1383 argumentatio.
892 1324 990 1367 Nam
1038 1328 1071 1366 si
1119 1328 1310 1367 canticum
1356 1325 1453 1367 illud
1491 1325 1629 1367 Jacohi
1669 1324 1742 1367 suh

254 1412 407 1451 initium
438 1411 547 1467 regni
570 1409 800 1451 Solomonei
833 1410 1094 1465 compositum
1127 1417 1203 1458 est,
1237 1409 1278 1450 id
1311 1409 1419 1465 quod
1441 1423 1562 1465 supra
1584 1408 1745 1450 demon-

254 1495 485 1542 stravimus,
522 1492 597 1533 hoc
628 1508 789 1548 poema,
826 1492 934 1549 quod
965 1491 1054 1533 inde
1086 1494 1262 1534 iteratam
1296 1493 1517 1533 citationem
1549 1493 1746 1548 excerpsit

255 1573 328 1629 (cf.
366 1575 482 1617 Num.
513 1575 659 1624 XXIV,
696 1574 734 1617 9.
791 1575 886 1617 Gen.
917 1575 1066 1625 XLIX,
1098 1574 1136 1617 9.
1190 1574 1306 1616 Num.
1337 1575 1486 1624 XXIII,
1521 1574 1590 1616 24.
1645 1573 1741 1617 Gen.

252 1658 399 1708 XLIX,
426 1658 465 1700 9.
497 1658 647 1708 XLIX,
674 1655 759 1711 27),
794 1658 930 1699 ultima
952 1658 1114 1700 Davidis
1140 1658 1258 1699 verba
1291 1666 1512 1699 mutuatum
1545 1673 1628 1699 esse
1650 1672 1744 1699 con-

254 1751 349 1791 stat,
391 1757 471 1783 non
510 1744 591 1783 vice
631 1756 752 1782 versa.
815 1741 921 1798 Ergo
962 1756 1043 1782 non
1084 1748 1176 1783 ante
1209 1741 1462 1783 Solomonem
1502 1743 1648 1797 scripta
1685 1748 1745 1782 est

252 1825 414 1866 Bileami
446 1827 684 1866 vaticinatio.
748 1824 828 1865 Nec
868 1833 995 1866 tamen
1028 1831 1128 1880 post
1157 1824 1384 1866 Solomonis
1418 1824 1618 1866 decessum
1650 1838 1744 1865 con-

252 1909 339 1950 ssari
369 1911 512 1964 potuit.
575 1907 675 1949 Nam
707 1910 875 1963 primum
906 1908 1057 1949 Michas
1090 1908 1152 1949 ille
1185 1907 1234 1949 ad
1266 1908 1342 1949 hoc
1374 1922 1527 1949 carmen
1556 1916 1744 1964 tanquam

255 2000 365 2033 vetus
414 1991 562 2048 aliquid
607 2000 820 2047 provocat:
875 1991 1133 2034 »recordare«
1180 1993 1327 2048 inquit,
1380 1991 1501 2048 »quid
1547 1990 1750 2033 Bileamus'

253 2074 429 2131 Balaquo
462 2074 730 2131 responderit,
766 2083 803 2115 et
835 2089 933 2131 quae
965 2076 1005 2116 in
1036 2083 1073 2116 te
1103 2073 1289 2116 beneficia
1322 2075 1552 2116 contulerim
1584 2090 1605 2115 a
1634 2072 1743 2115 Shit-

254 2160 321 2199 tim
355 2155 396 2210 (i.
422 2173 453 2199 e.
478 2173 498 2198 a
522 2166 696 2214 tempore
719 2160 849 2199 statim
870 2166 964 2214 post
985 2158 1145 2199 Bileami
1168 2160 1393 2199 vaticinium
1414 2157 1530 2198 Num.
1549 2156 1678 2206 XXV,
1701 2154 1741 2209 1)

252 2255 377 2297 usque
410 2241 459 2281 ad
482 2240 669 2296 Gilgalem
703 2238 788 2292 (uhi
820 2243 859 2282 in
892 2249 1032 2282 terram
1057 2243 1290 2297 promissam
1316 2240 1624 2298 ingrederentur,
1656 2239 1739 2281 Jos.

251 2324 318 2373 IV,
346 2321 458 2377 19).«
512 2323 630 2364 Haud
663 2324 715 2363 ita
746 2323 952 2364 locuturus
986 2324 1142 2373 fuisset,
1178 2326 1211 2365 si
1242 2326 1435 2365 recentius
1468 2322 1628 2380 aliquod
1660 2337 1742 2363 car-

253 2422 340 2448 men
379 2406 452 2447 sub
491 2406 654 2447 Bileami
691 2408 848 2448 nominc
889 2406 1210 2447 circumferretur.
1273 2406 1422 2448 Deinde
1462 2421 1575 2456 vero,
1620 2420 1741 2462 quum

253 2492 443 2531 canticum
476 2498 655 2531 nostrum
687 2489 800 2531 beata
833 2492 962 2531 omnia
994 2489 1040 2531 de
1072 2491 1280 2545 conjuncta
1311 2498 1349 2530 ct
1379 2504 1589 2530 numerosa
1619 2489 1742 2530 Israe-

251 2573 408 2614 litarum
439 2582 552 2630 gente
586 2573 782 2629 praedicet
811 2570 943 2626 (Num.
966 2571 1113 2622 XXIII,
1139 2571 1177 2621 9,
1201 2571 1266 2613 10.
1299 2572 1446 2622 XXIV,
1467 2569 1523 2625 7),
1556 2572 1639 2614 fieri
1659 2587 1740 2613 non

251 2664 402 2711 potest,
439 2664 482 2696 ut
514 2658 733 2712 conscripta
766 2658 815 2697 sit
846 2664 939 2712 post
969 2657 1227 2712 perniciosam
1259 2656 1362 2697 illam
1386 2655 1607 2697 Jcrobcami
1638 2655 1740 2697 sedi-

253 2771 400 2805 Sabbato
429 2771 615 2806 destinatus
643 2771 726 2805 hanc
753 2772 947 2806 cantilenam
974 2773 1159 2806 imitatione
1187 2773 1343 2817 exprimit
1369 2771 1424 2813 (cf.
1453 2783 1506 2805 vv.
1527 2769 1677 2814 11,13),
1707 2776 1740 2805 et

250 2841 469 2875 Jasharanam
497 2841 645 2876 indolem
671 2843 775 2887 spirat
801 2843 922 2886 (Deum
949 2844 1035 2877 enim
1058 2843 1146 2900 Ἶῐζχῖτ
1168 2848 1200 2877 et
1222 2848 1293 2885 Ἴης
1319 2841 1463 2888 appellat
1480 2853 1511 2877 ν.
1531 2840 1601 2886 16),
1628 2842 1738 2875 virum

252 2912 393 2947 stultum
422 2918 454 2947 et
480 2914 618 2959 impium
645 2915 845 2965 '’1323'’[25545
872 2918 1042 2960 nuncupat
1067 2913 1112 2957 (v.
1134 2912 1180 2958 7).
