<?xml version="1.0" encoding="UTF-8"?>
<!DOCTYPE html PUBLIC "-//W3C//DTD XHTML 1.0 Transitional//EN"
    "http://www.w3.org/TR/xhtml1/DTD/xhtml1-transitional.dtd">
<html xmlns="http://www.w3.org/1999/xhtml" xml:lang="en" lang="en">
 <head>
  <title>
</title>
<meta http-equiv="Content-Type" content="text/html;charset=utf-8" />
  <meta name='ocr-system' content='tesseract 3.04.00' />
  <meta name='ocr-capabilities' content='ocr_page ocr_carea ocr_par ocr_line ocrx_word'/>
</head>
<body>
  <div class='ocr_page' id='page_1' title='image "./jasharfragmentaa00dona_0198.png"; bbox 0 0 1867 3301; ppageno 0'>
   <div class='ocr_carea' id='block_1_1' title="bbox 946 193 1129 263">
    <p class='ocr_par' dir='ltr' id='par_1_1' title="bbox 946 193 1129 263">
     <span class='ocr_line' id='line_1_1' title="bbox 946 193 1129 263; baseline 0 0"><span class='ocrx_word' id='word_1_1' title='bbox 946 193 1093 263; x_wconf 14' lang='lat'><strong>1347„</strong></span> <span class='ocrx_word' id='word_1_2' title='bbox 1120 260 1129 263; x_wconf 18' lang='grc' dir='ltr'><em>Α</em></span> 
     </span>
    </p>
   </div>
   <div class='ocr_carea' id='block_1_2' title="bbox 234 332 1734 2897">
    <p class='ocr_par' dir='ltr' id='par_1_2' title="bbox 234 332 1734 2399">
     <span class='ocr_line' id='line_1_2' title="bbox 245 332 1734 391; baseline 0.001 -15"><span class='ocrx_word' id='word_1_3' title='bbox 245 336 346 377; x_wconf 82' lang='lat' dir='ltr'><strong>Mox</strong></span> <span class='ocrx_word' id='word_1_4' title='bbox 387 337 506 391; x_wconf 83' lang='lat' dir='ltr'><strong>igitur</strong></span> <span class='ocrx_word' id='word_1_5' title='bbox 545 343 696 383; x_wconf 88' lang='lat' dir='ltr'><strong>monet,</strong></span> <span class='ocrx_word' id='word_1_6' title='bbox 742 332 808 374; x_wconf 88' lang='lat' dir='ltr'><strong>ubi</strong></span> <span class='ocrx_word' id='word_1_7' title='bbox 847 332 954 373; x_wconf 78' lang='lat' dir='ltr'><strong>electi</strong></span> <span class='ocrx_word' id='word_1_8' title='bbox 987 334 1198 388; x_wconf 87' lang='lat' dir='ltr'><strong>quaerendi</strong></span> <span class='ocrx_word' id='word_1_9' title='bbox 1231 336 1328 383; x_wconf 80' lang='lat' dir='ltr'><strong>sint,</strong></span> <span class='ocrx_word' id='word_1_10' title='bbox 1374 334 1519 376; x_wconf 88' lang='lat' dir='ltr'><strong>scilicet</strong></span> <span class='ocrx_word' id='word_1_11' title='bbox 1549 338 1587 376; x_wconf 89' lang='lat' dir='ltr'><strong>in</strong></span> <span class='ocrx_word' id='word_1_12' title='bbox 1621 345 1734 377; x_wconf 89' lang='lat' dir='ltr'><strong>coetu</strong></span> 
     </span>
     <span class='ocr_line' id='line_1_3' title="bbox 250 416 1731 472; baseline 0 -13"><span class='ocrx_word' id='word_1_13' title='bbox 250 427 489 461; x_wconf 81' lang='lat' dir='ltr'><strong>vocatorum.</strong></span> <span class='ocrx_word' id='word_1_14' title='bbox 544 417 646 466; x_wconf 87' lang='lat' dir='ltr'><strong>ldeo,</strong></span> <span class='ocrx_word' id='word_1_15' title='bbox 681 418 828 472; x_wconf 90' lang='lat' dir='ltr'><strong>inquit,</strong></span> <span class='ocrx_word' id='word_1_16' title='bbox 863 431 963 472; x_wconf 78' lang='lat' dir='ltr'><strong>quos</strong></span> <span class='ocrx_word' id='word_1_17' title='bbox 995 416 1122 471; x_wconf 71' lang='lat' dir='ltr'><strong>eleyic,</strong></span> <span class='ocrx_word' id='word_1_18' title='bbox 1155 417 1228 458; x_wconf 53' lang='lat' dir='ltr'><strong>laos</strong></span> <span class='ocrx_word' id='word_1_19' title='bbox 1260 424 1297 458; x_wconf 73' lang='lat' dir='ltr'><strong>et</strong></span> <span class='ocrx_word' id='word_1_20' title='bbox 1326 419 1492 458; x_wconf 75' lang='lat' dir='ltr'><strong>vocavit.</strong></span> <span class='ocrx_word' id='word_1_21' title='bbox 1506 434 1522 451; x_wconf 90' lang='lat'>«</span> <span class='ocrx_word' id='word_1_22' title='bbox 1586 418 1731 459; x_wconf 88' lang='lat' dir='ltr'><strong>Electio</strong></span> 
     </span>
     <span class='ocr_line' id='line_1_4' title="bbox 246 499 1730 559; baseline -0.001 -15"><span class='ocrx_word' id='word_1_23' title='bbox 246 505 366 559; x_wconf 89' lang='lat' dir='ltr'><strong>igitur</strong></span> <span class='ocrx_word' id='word_1_24' title='bbox 405 512 442 543; x_wconf 85' lang='lat' dir='ltr'><strong>et</strong></span> <span class='ocrx_word' id='word_1_25' title='bbox 472 501 776 557; x_wconf 71' lang='lat' dir='ltr'>praedestinatio</span> <span class='ocrx_word' id='word_1_26' title='bbox 810 500 880 540; x_wconf 89' lang='lat' dir='ltr'><strong>Dei</strong></span> <span class='ocrx_word' id='word_1_27' title='bbox 913 514 993 540; x_wconf 89' lang='lat' dir='ltr'><strong>non</strong></span> <span class='ocrx_word' id='word_1_28' title='bbox 1025 499 1074 540; x_wconf 90' lang='lat' dir='ltr'><strong>ad</strong></span> <span class='ocrx_word' id='word_1_29' title='bbox 1106 500 1282 557; x_wconf 88' lang='lat' dir='ltr'><strong>singulos</strong></span> <span class='ocrx_word' id='word_1_30' title='bbox 1316 501 1492 541; x_wconf 87' lang='lat' dir='ltr'><strong>homines</strong></span> <span class='ocrx_word' id='word_1_31' title='bbox 1524 503 1730 557; x_wconf 82' lang='lat' dir='ltr'><strong>pertinent,</strong></span> 
     </span>
     <span class='ocr_line' id='line_1_5' title="bbox 246 583 1734 642; baseline -0.001 -15"><span class='ocrx_word' id='word_1_32' title='bbox 246 587 314 628; x_wconf 85' lang='lat' dir='ltr'><strong>sed</strong></span> <span class='ocrx_word' id='word_1_33' title='bbox 354 586 402 626; x_wconf 88' lang='lat' dir='ltr'><strong>ad</strong></span> <span class='ocrx_word' id='word_1_34' title='bbox 441 593 668 642; x_wconf 85' lang='lat' dir='ltr'><strong>perpetuam</strong></span> <span class='ocrx_word' id='word_1_35' title='bbox 700 584 803 625; x_wconf 89' lang='lat' dir='ltr'><strong>illam</strong></span> <span class='ocrx_word' id='word_1_36' title='bbox 834 583 1064 633; x_wconf 81' lang='lat' dir='ltr'>Ecclesiam,</span> <span class='ocrx_word' id='word_1_37' title='bbox 1108 598 1206 639; x_wconf 88' lang='lat' dir='ltr'><strong>quac</strong></span> <span class='ocrx_word' id='word_1_38' title='bbox 1242 586 1341 624; x_wconf 86' lang='lat' dir='ltr'><strong>viam</strong></span> <span class='ocrx_word' id='word_1_39' title='bbox 1374 583 1509 624; x_wconf 83' lang='lat' dir='ltr'><strong>salutis</strong></span> <span class='ocrx_word' id='word_1_40' title='bbox 1541 593 1734 626; x_wconf 84' lang='lat' dir='ltr'><strong>monstrat</strong></span> 
     </span>
     <span class='ocr_line' id='line_1_6' title="bbox 246 666 1734 725; baseline -0.001 -15"><span class='ocrx_word' id='word_1_41' title='bbox 246 679 361 725; x_wconf 86' lang='lat' dir='ltr'><strong>atque</strong></span> <span class='ocrx_word' id='word_1_42' title='bbox 394 671 530 725; x_wconf 86' lang='lat' dir='ltr'><strong>aperit.</strong></span> <span class='ocrx_word' id='word_1_43' title='bbox 593 666 691 708; x_wconf 84' lang='lat' dir='ltr'><strong>Nam</strong></span> <span class='ocrx_word' id='word_1_44' title='bbox 725 676 769 709; x_wconf 88' lang='lat' dir='ltr'><strong>ut</strong></span> <span class='ocrx_word' id='word_1_45' title='bbox 802 666 1016 708; x_wconf 88' lang='lat' dir='ltr'><strong>Gulielmus</strong></span> <span class='ocrx_word' id='word_1_46' title='bbox 1052 666 1191 708; x_wconf 88' lang='lat' dir='ltr'><strong>Occam</strong></span> <span class='ocrx_word' id='word_1_47' title='bbox 1225 667 1356 709; x_wconf 87' lang='lat' dir='ltr'><strong>docet:</strong></span> <span class='ocrx_word' id='word_1_48' title='bbox 1393 669 1643 724; x_wconf 80' lang='lat' dir='ltr'>»quicunque</span> <span class='ocrx_word' id='word_1_49' title='bbox 1676 677 1734 710; x_wconf 83' lang='lat' dir='ltr'><strong>est</strong></span> 
     </span>
     <span class='ocr_line' id='line_1_7' title="bbox 246 749 1732 810; baseline -0.001 -16"><span class='ocrx_word' id='word_1_50' title='bbox 246 752 558 809; x_wconf 86' lang='lat' dir='ltr'><strong>praedestinatus</strong></span> <span class='ocrx_word' id='word_1_51' title='bbox 591 760 650 792; x_wconf 87' lang='lat' dir='ltr'><strong>est</strong></span> <span class='ocrx_word' id='word_1_52' title='bbox 681 753 951 807; x_wconf 75' lang='lat' dir='ltr'><strong>contingenter</strong></span> <span class='ocrx_word' id='word_1_53' title='bbox 982 749 1307 810; x_wconf 85' lang='lat' dir='ltr'><strong>praedestinatus,</strong></span> <span class='ocrx_word' id='word_1_54' title='bbox 1343 759 1379 791; x_wconf 90' lang='lat' dir='ltr'><strong>et</strong></span> <span class='ocrx_word' id='word_1_55' title='bbox 1399 765 1469 806; x_wconf 82' lang='lat' dir='ltr'><strong>per</strong></span> <span class='ocrx_word' id='word_1_56' title='bbox 1491 765 1732 807; x_wconf 85' lang='lat' dir='ltr'><strong>consequens</strong></span> 
     </span>
     <span class='ocr_line' id='line_1_8' title="bbox 244 831 1732 894; baseline -0.002 -16"><span class='ocrx_word' id='word_1_57' title='bbox 244 846 377 894; x_wconf 86' lang='lat' dir='ltr'><strong>potest</strong></span> <span class='ocrx_word' id='word_1_58' title='bbox 408 836 606 878; x_wconf 78' lang='lat' dir='ltr'><strong>damnari«</strong></span> <span class='ocrx_word' id='word_1_59' title='bbox 647 832 754 888; x_wconf 91' lang='lat' dir='ltr'>(Lib.</span> <span class='ocrx_word' id='word_1_60' title='bbox 778 835 804 875; x_wconf 92' lang='lat' dir='ltr'><strong>I.</strong></span> <span class='ocrx_word' id='word_1_61' title='bbox 840 833 929 875; x_wconf 88' lang='lat' dir='ltr'><strong>dist.</strong></span> <span class='ocrx_word' id='word_1_62' title='bbox 953 833 1022 876; x_wconf 78' lang='grc'><strong>40.</strong></span> <span class='ocrx_word' id='word_1_63' title='bbox 1058 842 1207 890; x_wconf 87' lang='lat' dir='ltr'><strong>quaest.</strong></span> <span class='ocrx_word' id='word_1_64' title='bbox 1236 831 1295 886; x_wconf 87' lang='lat'><strong>1).</strong></span> <span class='ocrx_word' id='word_1_65' title='bbox 1362 833 1479 887; x_wconf 83' lang='lat' dir='ltr'><strong>Quod</strong></span> <span class='ocrx_word' id='word_1_66' title='bbox 1511 836 1542 875; x_wconf 89' lang='lat' dir='ltr'><strong>si</strong></span> <span class='ocrx_word' id='word_1_67' title='bbox 1574 836 1732 875; x_wconf 87' lang='lat' dir='ltr'><strong>univer-</strong></span> 
     </span>
     <span class='ocr_line' id='line_1_9' title="bbox 245 917 1731 975; baseline -0.002 -13"><span class='ocrx_word' id='word_1_68' title='bbox 245 936 325 963; x_wconf 86' lang='lat' dir='ltr'><strong>sam</strong></span> <span class='ocrx_word' id='word_1_69' title='bbox 357 920 568 962; x_wconf 79' lang='lat' dir='ltr'><strong>Ecclesiam</strong></span> <span class='ocrx_word' id='word_1_70' title='bbox 599 926 839 975; x_wconf 81' lang='lat' dir='ltr'>spectamus,</span> <span class='ocrx_word' id='word_1_71' title='bbox 883 917 1003 966; x_wconf 88' lang='lat' dir='ltr'><strong>hanc,</strong></span> <span class='ocrx_word' id='word_1_72' title='bbox 1042 917 1384 958; x_wconf 84' lang='lat' dir='ltr'><strong>Melanchthonem</strong></span> <span class='ocrx_word' id='word_1_73' title='bbox 1416 926 1643 974; x_wconf 80' lang='lat' dir='ltr'><strong>sequenteS,</strong></span> <span class='ocrx_word' id='word_1_74' title='bbox 1686 917 1731 959; x_wconf 84' lang='lat' dir='ltr'><strong>de</strong></span> 
     </span>
     <span class='ocr_line' id='line_1_10' title="bbox 245 1000 1732 1046; baseline -0.003 -1"><span class='ocrx_word' id='word_1_75' title='bbox 245 1004 382 1046; x_wconf 85' lang='lat' dir='ltr'><strong>effectu</strong></span> <span class='ocrx_word' id='word_1_76' title='bbox 422 1004 619 1046; x_wconf 77' lang='lat' dir='ltr'><strong>electionis</strong></span> <span class='ocrx_word' id='word_1_77' title='bbox 667 1010 866 1043; x_wconf 76' lang='lat' dir='ltr'><strong>teneamus</strong></span> <span class='ocrx_word' id='word_1_78' title='bbox 915 1000 1223 1042; x_wconf 79' lang='lat' dir='ltr'><strong>consolationem</strong></span> <span class='ocrx_word' id='word_1_79' title='bbox 1262 1026 1307 1030; x_wconf 88' lang='lat'>-</span> <span class='ocrx_word' id='word_1_80' title='bbox 1347 1000 1496 1041; x_wconf 79' lang='lat' dir='ltr'><strong>»Deum</strong></span> <span class='ocrx_word' id='word_1_81' title='bbox 1539 1001 1732 1041; x_wconf 88' lang='lat' dir='ltr'><strong>volentem</strong></span> 
     </span>
     <span class='ocr_line' id='line_1_11' title="bbox 244 1083 1732 1143; baseline -0.003 -14"><span class='ocrx_word' id='word_1_82' title='bbox 244 1104 321 1129; x_wconf 90' lang='lat' dir='ltr'><strong>non</strong></span> <span class='ocrx_word' id='word_1_83' title='bbox 355 1089 482 1143; x_wconf 86' lang='lat' dir='ltr'><strong>perire</strong></span> <span class='ocrx_word' id='word_1_84' title='bbox 519 1095 646 1128; x_wconf 90' lang='lat' dir='ltr'><strong>totum</strong></span> <span class='ocrx_word' id='word_1_85' title='bbox 678 1100 802 1142; x_wconf 85' lang='lat' dir='ltr'><strong>genus</strong></span> <span class='ocrx_word' id='word_1_86' title='bbox 835 1085 1069 1133; x_wconf 88' lang='lat' dir='ltr'><strong>humanum,</strong></span> <span class='ocrx_word' id='word_1_87' title='bbox 1114 1098 1265 1140; x_wconf 85' lang='lat' dir='ltr'><strong>semper</strong></span> <span class='ocrx_word' id='word_1_88' title='bbox 1296 1092 1459 1140; x_wconf 88' lang='lat' dir='ltr'><strong>propter</strong></span> <span class='ocrx_word' id='word_1_89' title='bbox 1490 1083 1631 1124; x_wconf 87' lang='lat' dir='ltr'><strong>Filium</strong></span> <span class='ocrx_word' id='word_1_90' title='bbox 1662 1098 1732 1140; x_wconf 91' lang='lat' dir='ltr'><strong>per</strong></span> 
     </span>
     <span class='ocr_line' id='line_1_12' title="bbox 245 1167 1731 1224; baseline -0.002 -12"><span class='ocrx_word' id='word_1_91' title='bbox 245 1170 547 1212; x_wconf 87' lang='lat' dir='ltr'><strong>misericordiam</strong></span> <span class='ocrx_word' id='word_1_92' title='bbox 572 1184 728 1219; x_wconf 85' lang='lat' dir='ltr'><strong>vocare,</strong></span> <span class='ocrx_word' id='word_1_93' title='bbox 767 1168 937 1218; x_wconf 77' lang='lat' dir='ltr'><strong>trahere,</strong></span> <span class='ocrx_word' id='word_1_94' title='bbox 972 1176 1010 1209; x_wconf 90' lang='lat' dir='ltr'><strong>et</strong></span> <span class='ocrx_word' id='word_1_95' title='bbox 1040 1168 1218 1224; x_wconf 80' lang='lat' dir='ltr'><strong>colligere</strong></span> <span class='ocrx_word' id='word_1_96' title='bbox 1240 1167 1469 1217; x_wconf 86' lang='lat' dir='ltr'><strong>Ecclesiam,</strong></span> <span class='ocrx_word' id='word_1_97' title='bbox 1504 1176 1541 1208; x_wconf 89' lang='lat' dir='ltr'><strong>et</strong></span> <span class='ocrx_word' id='word_1_98' title='bbox 1563 1169 1731 1223; x_wconf 87' lang='lat' dir='ltr'><strong>recipere</strong></span> 
     </span>
     <span class='ocr_line' id='line_1_13' title="bbox 244 1250 1730 1310; baseline -0.004 -13"><span class='ocrx_word' id='word_1_99' title='bbox 244 1257 508 1303; x_wconf 79' lang='lat' dir='ltr'><strong>assentientes,</strong></span> <span class='ocrx_word' id='word_1_100' title='bbox 543 1262 659 1310; x_wconf 85' lang='lat' dir='ltr'><strong>atque</strong></span> <span class='ocrx_word' id='word_1_101' title='bbox 691 1255 746 1294; x_wconf 89' lang='lat' dir='ltr'><strong>ita</strong></span> <span class='ocrx_word' id='word_1_102' title='bbox 767 1252 862 1293; x_wconf 79' lang='lat' dir='ltr'><strong>velle</strong></span> <span class='ocrx_word' id='word_1_103' title='bbox 895 1266 1046 1308; x_wconf 88' lang='lat' dir='ltr'><strong>semper</strong></span> <span class='ocrx_word' id='word_1_104' title='bbox 1077 1252 1246 1307; x_wconf 84' lang='lat' dir='ltr'><strong>aliquam</strong></span> <span class='ocrx_word' id='word_1_105' title='bbox 1278 1265 1360 1292; x_wconf 87' lang='lat' dir='ltr'><strong>esse</strong></span> <span class='ocrx_word' id='word_1_106' title='bbox 1382 1250 1591 1292; x_wconf 85' lang='lat' dir='ltr'><strong>Ecclesiam</strong></span> <span class='ocrx_word' id='word_1_107' title='bbox 1615 1265 1730 1307; x_wconf 90' lang='lat' dir='ltr'><strong>quam</strong></span> 
     </span>
     <span class='ocr_line' id='line_1_14' title="bbox 243 1331 1730 1395; baseline -0.004 -14"><span class='ocrx_word' id='word_1_108' title='bbox 243 1339 405 1395; x_wconf 85' lang='lat' dir='ltr'><strong>adjuvat</strong></span> <span class='ocrx_word' id='word_1_109' title='bbox 435 1347 473 1379; x_wconf 89' lang='lat' dir='ltr'><strong>et</strong></span> <span class='ocrx_word' id='word_1_110' title='bbox 503 1337 652 1378; x_wconf 85' lang='lat' dir='ltr'><strong>salvat«</strong></span> <span class='ocrx_word' id='word_1_111' title='bbox 687 1333 797 1390; x_wconf 90' lang='lat' dir='ltr'><strong>(Loci</strong></span> <span class='ocrx_word' id='word_1_112' title='bbox 821 1335 1014 1391; x_wconf 87' lang='lat' dir='ltr'><strong>Theolog.</strong></span> <span class='ocrx_word' id='word_1_113' title='bbox 1050 1334 1095 1376; x_wconf 93' lang='lat' dir='ltr'><strong>de</strong></span> <span class='ocrx_word' id='word_1_114' title='bbox 1120 1331 1510 1387; x_wconf 85' lang='lat' dir='ltr'><strong>Praedestinatione).</strong></span> <span class='ocrx_word' id='word_1_115' title='bbox 1564 1334 1730 1375; x_wconf 79' lang='lat' dir='ltr'><strong>Articuli</strong></span> 
     </span>
     <span class='ocr_line' id='line_1_15' title="bbox 243 1416 1729 1477; baseline -0.004 -13"><span class='ocrx_word' id='word_1_116' title='bbox 243 1423 296 1464; x_wconf 88' lang='lat' dir='ltr'><strong>illi</strong></span> <span class='ocrx_word' id='word_1_117' title='bbox 317 1421 514 1471; x_wconf 80' lang='lat' dir='ltr'>XXXIX,</span> <span class='ocrx_word' id='word_1_118' title='bbox 550 1423 616 1477; x_wconf 92' lang='lat' dir='ltr'><strong>qui</strong></span> <span class='ocrx_word' id='word_1_119' title='bbox 647 1420 762 1462; x_wconf 86' lang='lat' dir='ltr'><strong>fidem</strong></span> <span class='ocrx_word' id='word_1_120' title='bbox 789 1419 1043 1475; x_wconf 85' lang='lat' dir='ltr'><strong>Anglicanam</strong></span> <span class='ocrx_word' id='word_1_121' title='bbox 1075 1417 1280 1468; x_wconf 81' lang='lat' dir='ltr'><strong>exhibent,</strong></span> <span class='ocrx_word' id='word_1_122' title='bbox 1315 1426 1447 1474; x_wconf 87' lang='lat' dir='ltr'><strong>aperte</strong></span> <span class='ocrx_word' id='word_1_123' title='bbox 1480 1416 1621 1459; x_wconf 89' lang='lat' dir='ltr'><strong>docent</strong></span> <span class='ocrx_word' id='word_1_124' title='bbox 1651 1426 1729 1459; x_wconf 88' lang='lat' dir='ltr'><strong>tam</strong></span> 
     </span>
     <span class='ocr_line' id='line_1_16' title="bbox 242 1500 1728 1561; baseline -0.003 -14"><span class='ocrx_word' id='word_1_125' title='bbox 242 1508 281 1547; x_wconf 92' lang='lat' dir='ltr'><strong>in</strong></span> <span class='ocrx_word' id='word_1_126' title='bbox 314 1507 433 1548; x_wconf 87' lang='lat' dir='ltr'><strong>veteri</strong></span> <span class='ocrx_word' id='word_1_127' title='bbox 467 1519 583 1561; x_wconf 89' lang='lat' dir='ltr'><strong>quam</strong></span> <span class='ocrx_word' id='word_1_128' title='bbox 615 1506 655 1545; x_wconf 91' lang='lat' dir='ltr'><strong>in</strong></span> <span class='ocrx_word' id='word_1_129' title='bbox 685 1518 791 1545; x_wconf 90' lang='lat' dir='ltr'><strong>novo</strong></span> <span class='ocrx_word' id='word_1_130' title='bbox 827 1503 1092 1551; x_wconf 86' lang='lat' dir='ltr'><strong>Testamento,</strong></span> <span class='ocrx_word' id='word_1_131' title='bbox 1131 1516 1201 1558; x_wconf 86' lang='lat' dir='ltr'><strong>per</strong></span> <span class='ocrx_word' id='word_1_132' title='bbox 1235 1500 1455 1550; x_wconf 85' lang='lat' dir='ltr'><strong>Christum,</strong></span> <span class='ocrx_word' id='word_1_133' title='bbox 1492 1503 1559 1558; x_wconf 91' lang='lat' dir='ltr'><strong>qui</strong></span> <span class='ocrx_word' id='word_1_134' title='bbox 1590 1503 1728 1543; x_wconf 87' lang='lat' dir='ltr'><strong>unicus</strong></span> 
     </span>
     <span class='ocr_line' id='line_1_17' title="bbox 243 1584 1732 1642; baseline -0.003 -11"><span class='ocrx_word' id='word_1_135' title='bbox 243 1599 301 1632; x_wconf 88' lang='lat' dir='ltr'><strong>est</strong></span> <span class='ocrx_word' id='word_1_136' title='bbox 328 1589 525 1632; x_wconf 82' lang='lat' dir='ltr'><strong>Mediator</strong></span> <span class='ocrx_word' id='word_1_137' title='bbox 546 1588 618 1629; x_wconf 89' lang='lat' dir='ltr'><strong>Dei</strong></span> <span class='ocrx_word' id='word_1_138' title='bbox 651 1596 689 1629; x_wconf 88' lang='lat' dir='ltr'><strong>et</strong></span> <span class='ocrx_word' id='word_1_139' title='bbox 720 1588 943 1636; x_wconf 90' lang='lat' dir='ltr'><strong>hominum,</strong></span> <span class='ocrx_word' id='word_1_140' title='bbox 979 1594 1200 1627; x_wconf 82' lang='lat' dir='ltr'><strong>»aeternam</strong></span> <span class='ocrx_word' id='word_1_141' title='bbox 1232 1587 1351 1626; x_wconf 83' lang='lat' dir='ltr'><strong>vitam</strong></span> <span class='ocrx_word' id='word_1_142' title='bbox 1383 1584 1560 1627; x_wconf 72' lang='lat' dir='ltr'><strong>humano</strong></span> <span class='ocrx_word' id='word_1_143' title='bbox 1589 1586 1732 1642; x_wconf 65' lang='lat' dir='ltr'><strong>qener&#39;i</strong></span> 
     </span>
     <span class='ocr_line' id='line_1_18' title="bbox 242 1667 1730 1729; baseline -0.005 -14"><span class='ocrx_word' id='word_1_144' title='bbox 242 1688 324 1715; x_wconf 88' lang='lat' dir='ltr'><strong>esse</strong></span> <span class='ocrx_word' id='word_1_145' title='bbox 356 1674 628 1729; x_wconf 86' lang='lat' dir='ltr'><strong>propositam«</strong></span> <span class='ocrx_word' id='word_1_146' title='bbox 663 1668 771 1724; x_wconf 88' lang='lat' dir='ltr'><strong>(Art.</strong></span> <span class='ocrx_word' id='word_1_147' title='bbox 791 1667 905 1723; x_wconf 72' lang='lat' dir='ltr'><strong>Vll),</strong></span> <span class='ocrx_word' id='word_1_148' title='bbox 947 1678 1001 1719; x_wconf 87' lang='lat' dir='ltr'><strong>et,</strong></span> <span class='ocrx_word' id='word_1_149' title='bbox 1035 1669 1377 1711; x_wconf 87' lang='lat' dir='ltr'><strong>Melanchthonem</strong></span> <span class='ocrx_word' id='word_1_150' title='bbox 1409 1682 1530 1724; x_wconf 88' lang='lat' dir='ltr'><strong>paene</strong></span> <span class='ocrx_word' id='word_1_151' title='bbox 1563 1668 1612 1709; x_wconf 91' lang='lat' dir='ltr'><strong>ad</strong></span> <span class='ocrx_word' id='word_1_152' title='bbox 1643 1683 1730 1709; x_wconf 84' lang='lat' dir='ltr'><strong>ver·</strong></span> 
     </span>
     <span class='ocr_line' id='line_1_19' title="bbox 241 1751 1729 1813; baseline -0.003 -15"><span class='ocrx_word' id='word_1_153' title='bbox 241 1757 334 1799; x_wconf 82' lang='lat' dir='ltr'><strong>hum</strong></span> <span class='ocrx_word' id='word_1_154' title='bbox 368 1764 586 1813; x_wconf 85' lang='lat' dir='ltr'><strong>sequentes,</strong></span> <span class='ocrx_word' id='word_1_155' title='bbox 621 1755 862 1796; x_wconf 89' lang='lat' dir='ltr'><strong>voluntatem</strong></span> <span class='ocrx_word' id='word_1_156' title='bbox 893 1753 964 1795; x_wconf 92' lang='lat' dir='ltr'><strong>Dei</strong></span> <span class='ocrx_word' id='word_1_157' title='bbox 995 1753 1257 1810; x_wconf 87' lang='lat' dir='ltr'><strong>proclamant,</strong></span> <span class='ocrx_word' id='word_1_158' title='bbox 1294 1767 1409 1808; x_wconf 89' lang='lat' dir='ltr'><strong>quam</strong></span> <span class='ocrx_word' id='word_1_159' title='bbox 1442 1753 1482 1792; x_wconf 91' lang='lat' dir='ltr'><strong>in</strong></span> <span class='ocrx_word' id='word_1_160' title='bbox 1514 1751 1634 1792; x_wconf 84' lang='lat' dir='ltr'><strong>verbo</strong></span> <span class='ocrx_word' id='word_1_161' title='bbox 1657 1751 1729 1793; x_wconf 83' lang='lat' dir='ltr'><strong>Dei</strong></span> 
     </span>
     <span class='ocr_line' id='line_1_20' title="bbox 241 1835 1728 1887; baseline -0.004 -5"><span class='ocrx_word' id='word_1_162' title='bbox 241 1840 429 1882; x_wconf 86' lang='lat' dir='ltr'><strong>habemus</strong></span> <span class='ocrx_word' id='word_1_163' title='bbox 463 1839 603 1881; x_wconf 87' lang='lat' dir='ltr'><strong>diserte</strong></span> <span class='ocrx_word' id='word_1_164' title='bbox 635 1838 862 1887; x_wconf 87' lang='lat' dir='ltr'><strong>revelatam,</strong></span> <span class='ocrx_word' id='word_1_165' title='bbox 898 1838 1061 1886; x_wconf 88' lang='lat' dir='ltr'><strong>scilicet,</strong></span> <span class='ocrx_word' id='word_1_166' title='bbox 1095 1837 1221 1878; x_wconf 92' lang='lat' dir='ltr'><strong>Deum</strong></span> <span class='ocrx_word' id='word_1_167' title='bbox 1254 1836 1350 1877; x_wconf 88' lang='lat' dir='ltr'><strong>velle</strong></span> <span class='ocrx_word' id='word_1_168' title='bbox 1385 1850 1518 1877; x_wconf 88' lang='lat' dir='ltr'><strong>omnes</strong></span> <span class='ocrx_word' id='word_1_169' title='bbox 1550 1835 1728 1876; x_wconf 89' lang='lat' dir='ltr'><strong>homines</strong></span> 
     </span>
     <span class='ocr_line' id='line_1_21' title="bbox 242 1921 1728 1979; baseline -0.004 -13"><span class='ocrx_word' id='word_1_170' title='bbox 242 1925 371 1967; x_wconf 85' lang='lat' dir='ltr'><strong>salvos</strong></span> <span class='ocrx_word' id='word_1_171' title='bbox 402 1924 498 1965; x_wconf 86' lang='lat' dir='ltr'><strong>fieri.</strong></span> <span class='ocrx_word' id='word_1_172' title='bbox 565 1921 695 1976; x_wconf 81' lang='lat' dir='ltr'><strong>Quum</strong></span> <span class='ocrx_word' id='word_1_173' title='bbox 730 1924 850 1979; x_wconf 86' lang='lat' dir='ltr'><strong>igitur</strong></span> <span class='ocrx_word' id='word_1_174' title='bbox 888 1922 1191 1977; x_wconf 87' lang='lat' dir='ltr'><strong>promissionem</strong></span> <span class='ocrx_word' id='word_1_175' title='bbox 1223 1922 1478 1976; x_wconf 86' lang='lat' dir='ltr'><strong>sempiternae</strong></span> <span class='ocrx_word' id='word_1_176' title='bbox 1510 1921 1611 1961; x_wconf 86' lang='lat' dir='ltr'><strong>vitae</strong></span> <span class='ocrx_word' id='word_1_177' title='bbox 1643 1927 1728 1960; x_wconf 89' lang='lat' dir='ltr'><strong>tan-</strong></span> 
     </span>
     <span class='ocr_line' id='line_1_22' title="bbox 242 2003 1728 2066; baseline -0.004 -17"><span class='ocrx_word' id='word_1_178' title='bbox 242 2023 357 2066; x_wconf 88' lang='lat' dir='ltr'><strong>quam</strong></span> <span class='ocrx_word' id='word_1_179' title='bbox 395 2006 626 2064; x_wconf 80' lang='lat' dir='ltr'><strong>generaliter</strong></span> <span class='ocrx_word' id='word_1_180' title='bbox 657 2007 903 2062; x_wconf 87' lang='lat' dir='ltr'><strong>propositam</strong></span> <span class='ocrx_word' id='word_1_181' title='bbox 936 2005 1230 2061; x_wconf 88' lang='lat' dir='ltr'><strong>amplectamur,</strong></span> <span class='ocrx_word' id='word_1_182' title='bbox 1273 2003 1379 2044; x_wconf 88' lang='lat' dir='ltr'><strong>haud</strong></span> <span class='ocrx_word' id='word_1_183' title='bbox 1411 2004 1601 2044; x_wconf 88' lang='lat' dir='ltr'><strong>immerito</strong></span> <span class='ocrx_word' id='word_1_184' title='bbox 1635 2017 1728 2044; x_wconf 87' lang='lat' dir='ltr'><strong>con-</strong></span> 
     </span>
     <span class='ocr_line' id='line_1_23' title="bbox 241 2086 1726 2137; baseline -0.003 -4"><span class='ocrx_word' id='word_1_185' title='bbox 241 2091 422 2133; x_wconf 87' lang='lat' dir='ltr'><strong>cludebat</strong></span> <span class='ocrx_word' id='word_1_186' title='bbox 453 2089 682 2132; x_wconf 86' lang='lat' dir='ltr'><strong>venerabilis</strong></span> <span class='ocrx_word' id='word_1_187' title='bbox 723 2089 784 2130; x_wconf 89' lang='lat' dir='ltr'><strong>ille</strong></span> <span class='ocrx_word' id='word_1_188' title='bbox 820 2089 1012 2131; x_wconf 84' lang='lat' dir='ltr'><strong>Ecclesiae</strong></span> <span class='ocrx_word' id='word_1_189' title='bbox 1049 2087 1277 2129; x_wconf 88' lang='lat' dir='ltr'><strong>Hibernicae</strong></span> <span class='ocrx_word' id='word_1_190' title='bbox 1314 2089 1494 2137; x_wconf 88' lang='lat' dir='ltr'><strong>antistes,</strong></span> <span class='ocrx_word' id='word_1_191' title='bbox 1534 2086 1726 2128; x_wconf 79' lang='lat' dir='ltr'><strong>Ricardus</strong></span> 
     </span>
     <span class='ocr_line' id='line_1_24' title="bbox 240 2160 1726 2227; baseline -0.004 -10"><span class='ocrx_word' id='word_1_192' title='bbox 240 2176 455 2223; x_wconf 86' lang='lat' dir='ltr'><strong>Laurence,</strong></span> <span class='ocrx_word' id='word_1_193' title='bbox 500 2160 681 2215; x_wconf 76' lang='lat' dir='ltr'><strong>doctores</strong></span> <span class='ocrx_word' id='word_1_194' title='bbox 720 2182 880 2214; x_wconf 89' lang='lat' dir='ltr'><strong>nostros</strong></span> <span class='ocrx_word' id='word_1_195' title='bbox 919 2181 1004 2213; x_wconf 89' lang='lat' dir='ltr'><strong>toto</strong></span> <span class='ocrx_word' id='word_1_196' title='bbox 1039 2171 1154 2213; x_wconf 87' lang='lat' dir='ltr'><strong>corde</strong></span> <span class='ocrx_word' id='word_1_197' title='bbox 1187 2171 1414 2227; x_wconf 84' lang='lat' dir='ltr'><strong>repudiasse</strong></span> <span class='ocrx_word' id='word_1_198' title='bbox 1447 2170 1726 2212; x_wconf 77' lang='lat' dir='ltr'><strong>exsecrandum</strong></span> 
     </span>
     <span class='ocr_line' id='line_1_25' title="bbox 240 2253 1727 2311; baseline -0.003 -12"><span class='ocrx_word' id='word_1_199' title='bbox 240 2259 348 2300; x_wconf 91' lang='lat' dir='ltr'><strong>illum</strong></span> <span class='ocrx_word' id='word_1_200' title='bbox 379 2258 541 2299; x_wconf 82' lang='lat' dir='ltr'><strong>Joannis</strong></span> <span class='ocrx_word' id='word_1_201' title='bbox 576 2255 729 2297; x_wconf 86' lang='lat' dir='ltr'><strong>Calvini</strong></span> <span class='ocrx_word' id='word_1_202' title='bbox 761 2255 1033 2305; x_wconf 87' lang='lat' dir='ltr'><strong>Stoicismum,</strong></span> <span class='ocrx_word' id='word_1_203' title='bbox 1080 2270 1195 2311; x_wconf 88' lang='lat' dir='ltr'><strong>quem</strong></span> <span class='ocrx_word' id='word_1_204' title='bbox 1235 2255 1297 2295; x_wconf 84' lang='lat' dir='ltr'><strong>alii</strong></span> <span class='ocrx_word' id='word_1_205' title='bbox 1331 2254 1488 2311; x_wconf 89' lang='lat' dir='ltr'><strong>quidam</strong></span> <span class='ocrx_word' id='word_1_206' title='bbox 1520 2253 1636 2296; x_wconf 88' lang='lat' dir='ltr'><strong>nohis</strong></span> <span class='ocrx_word' id='word_1_207' title='bbox 1668 2256 1727 2296; x_wconf 92' lang='lat' dir='ltr'><strong>in-</strong></span> 
     </span>
     <span class='ocr_line' id='line_1_26' title="bbox 234 2335 1409 2399; baseline -0.004 -15"><span class='ocrx_word' id='word_1_208' title='bbox 234 2341 482 2399; x_wconf 72' lang='lat' dir='ltr'><strong>Jungendum</strong></span> <span class='ocrx_word' id='word_1_209' title='bbox 515 2347 671 2380; x_wconf 86' lang='lat' dir='ltr'><strong>censent</strong></span> <span class='ocrx_word' id='word_1_210' title='bbox 703 2338 924 2394; x_wconf 88' lang='lat' dir='ltr'><strong>(Bampton</strong></span> <span class='ocrx_word' id='word_1_211' title='bbox 955 2339 1140 2380; x_wconf 88' lang='lat' dir='ltr'><strong>Lecturcs</strong></span> <span class='ocrx_word' id='word_1_212' title='bbox 1173 2335 1409 2391; x_wconf 77' lang='lat' dir='ltr'><strong>sor1804).</strong></span> 
     </span>
    </p>

    <p class='ocr_par' dir='ltr' id='par_1_3' title="bbox 238 2420 1722 2897">
     <span class='ocr_line' id='line_1_27' title="bbox 360 2420 1722 2478; baseline -0.002 -12"><span class='ocrx_word' id='word_1_213' title='bbox 360 2424 518 2466; x_wconf 88' lang='lat' dir='ltr'><strong>Gemelli</strong></span> <span class='ocrx_word' id='word_1_214' title='bbox 539 2423 689 2473; x_wconf 77' lang='lat' dir='ltr'><strong>fratres,</strong></span> <span class='ocrx_word' id='word_1_215' title='bbox 716 2436 885 2478; x_wconf 90' lang='lat' dir='ltr'><strong>quorum</strong></span> <span class='ocrx_word' id='word_1_216' title='bbox 907 2422 1071 2462; x_wconf 87' lang='lat' dir='ltr'><strong>historia</strong></span> <span class='ocrx_word' id='word_1_217' title='bbox 1093 2429 1130 2462; x_wconf 87' lang='lat' dir='ltr'><strong>et</strong></span> <span class='ocrx_word' id='word_1_218' title='bbox 1151 2420 1310 2462; x_wconf 87' lang='lat' dir='ltr'><strong>fortuna</strong></span> <span class='ocrx_word' id='word_1_219' title='bbox 1332 2422 1371 2461; x_wconf 95' lang='lat' dir='ltr'><strong>in</strong></span> <span class='ocrx_word' id='word_1_220' title='bbox 1393 2421 1468 2462; x_wconf 91' lang='lat' dir='ltr'><strong>hoc</strong></span> <span class='ocrx_word' id='word_1_221' title='bbox 1490 2420 1722 2478; x_wconf 83' lang='lat' dir='ltr'><strong>Fragmento</strong></span> 
     </span>
     <span class='ocr_line' id='line_1_28' title="bbox 240 2504 1720 2557; baseline -0.004 -7"><span class='ocrx_word' id='word_1_222' title='bbox 240 2508 534 2557; x_wconf 86' lang='lat' dir='ltr'><strong>describuntur,</strong></span> <span class='ocrx_word' id='word_1_223' title='bbox 575 2522 655 2548; x_wconf 90' lang='lat' dir='ltr'><strong>non</strong></span> <span class='ocrx_word' id='word_1_224' title='bbox 686 2506 804 2547; x_wconf 92' lang='lat' dir='ltr'><strong>modo</strong></span> <span class='ocrx_word' id='word_1_225' title='bbox 839 2505 936 2546; x_wconf 83' lang='lat' dir='ltr'><strong>duas</strong></span> <span class='ocrx_word' id='word_1_226' title='bbox 968 2506 1145 2546; x_wconf 87' lang='lat' dir='ltr'><strong>nationes</strong></span> <span class='ocrx_word' id='word_1_227' title='bbox 1179 2504 1385 2553; x_wconf 86' lang='lat' dir='ltr'><strong>denotant,</strong></span> <span class='ocrx_word' id='word_1_228' title='bbox 1428 2519 1562 2545; x_wconf 86' lang='lat' dir='ltr'><strong>verum</strong></span> <span class='ocrx_word' id='word_1_229' title='bbox 1595 2507 1720 2555; x_wconf 86' lang='lat' dir='ltr'><strong>etiam,</strong></span> 
     </span>
     <span class='ocr_line' id='line_1_29' title="bbox 240 2587 1722 2646; baseline -0.002 -13"><span class='ocrx_word' id='word_1_230' title='bbox 240 2602 284 2634; x_wconf 90' lang='lat' dir='ltr'><strong>ut</strong></span> <span class='ocrx_word' id='word_1_231' title='bbox 316 2592 504 2640; x_wconf 88' lang='lat' dir='ltr'><strong>vidimus,</strong></span> <span class='ocrx_word' id='word_1_232' title='bbox 548 2591 644 2632; x_wconf 88' lang='lat' dir='ltr'><strong>duas</strong></span> <span class='ocrx_word' id='word_1_233' title='bbox 677 2603 819 2646; x_wconf 86' lang='lat' dir='ltr'><strong>easque</strong></span> <span class='ocrx_word' id='word_1_234' title='bbox 851 2591 951 2630; x_wconf 92' lang='lat' dir='ltr'><strong>inter</strong></span> <span class='ocrx_word' id='word_1_235' title='bbox 983 2603 1023 2630; x_wconf 86' lang='lat' dir='ltr'><strong>se</strong></span> <span class='ocrx_word' id='word_1_236' title='bbox 1055 2589 1269 2629; x_wconf 88' lang='lat' dir='ltr'><strong>contrarias</strong></span> <span class='ocrx_word' id='word_1_237' title='bbox 1303 2587 1482 2628; x_wconf 87' lang='lat' dir='ltr'><strong>credendi</strong></span> <span class='ocrx_word' id='word_1_238' title='bbox 1515 2596 1553 2628; x_wconf 88' lang='lat' dir='ltr'><strong>et</strong></span> <span class='ocrx_word' id='word_1_239' title='bbox 1584 2587 1722 2645; x_wconf 84' lang='lat' dir='ltr'><strong>agendi</strong></span> 
     </span>
     <span class='ocr_line' id='line_1_30' title="bbox 238 2671 1720 2730; baseline -0.003 -13"><span class='ocrx_word' id='word_1_240' title='bbox 238 2678 422 2718; x_wconf 87' lang='lat' dir='ltr'><strong>rationes.</strong></span> <span class='ocrx_word' id='word_1_241' title='bbox 471 2675 578 2716; x_wconf 90' lang='lat' dir='ltr'><strong>Licet</strong></span> <span class='ocrx_word' id='word_1_242' title='bbox 608 2676 730 2730; x_wconf 88' lang='lat' dir='ltr'><strong>igitur</strong></span> <span class='ocrx_word' id='word_1_243' title='bbox 761 2681 1003 2729; x_wconf 82' lang='lat' dir='ltr'><strong>exspectare,</strong></span> <span class='ocrx_word' id='word_1_244' title='bbox 1037 2680 1082 2712; x_wconf 85' lang='lat' dir='ltr'><strong>ut</strong></span> <span class='ocrx_word' id='word_1_245' title='bbox 1112 2673 1271 2712; x_wconf 88' lang='lat' dir='ltr'><strong>nomina</strong></span> <span class='ocrx_word' id='word_1_246' title='bbox 1302 2673 1479 2727; x_wconf 86' lang='lat' dir='ltr'><strong>ipsorum</strong></span> <span class='ocrx_word' id='word_1_247' title='bbox 1500 2686 1581 2713; x_wconf 88' lang='lat' dir='ltr'><strong>non</strong></span> <span class='ocrx_word' id='word_1_248' title='bbox 1602 2671 1720 2713; x_wconf 89' lang='lat' dir='ltr'><strong>modo</strong></span> 
     </span>
     <span class='ocr_line' id='line_1_31' title="bbox 239 2754 1721 2814; baseline -0.002 -15"><span class='ocrx_word' id='word_1_249' title='bbox 239 2758 587 2814; x_wconf 85' lang='lat' dir='ltr'><strong>ethnographicam</strong></span> <span class='ocrx_word' id='word_1_250' title='bbox 618 2759 824 2813; x_wconf 89' lang='lat' dir='ltr'><strong>utriusque</strong></span> <span class='ocrx_word' id='word_1_251' title='bbox 856 2755 1113 2810; x_wconf 75' lang='grc' dir='ltr'><strong><em>ἐπωνυμίαν,</em></strong></span> <span class='ocrx_word' id='word_1_252' title='bbox 1144 2754 1213 2796; x_wconf 88' lang='lat' dir='ltr'><strong>sed</strong></span> <span class='ocrx_word' id='word_1_253' title='bbox 1244 2770 1385 2804; x_wconf 81' lang='lat' dir='ltr'><strong>moreS,</strong></span> <span class='ocrx_word' id='word_1_254' title='bbox 1425 2770 1525 2812; x_wconf 87' lang='lat' dir='ltr'><strong>quos</strong></span> <span class='ocrx_word' id='word_1_255' title='bbox 1555 2770 1648 2811; x_wconf 86' lang='lat' dir='ltr'><strong>prae</strong></span> <span class='ocrx_word' id='word_1_256' title='bbox 1681 2770 1721 2796; x_wconf 90' lang='lat' dir='ltr'><strong>se</strong></span> 
     </span>
     <span class='ocr_line' id='line_1_32' title="bbox 239 2838 1721 2897; baseline -0.003 -14"><span class='ocrx_word' id='word_1_257' title='bbox 239 2842 387 2891; x_wconf 87' lang='lat' dir='ltr'><strong>ferunt,</strong></span> <span class='ocrx_word' id='word_1_258' title='bbox 422 2841 705 2897; x_wconf 88' lang='lat' dir='ltr'><strong>quadamtenus</strong></span> <span class='ocrx_word' id='word_1_259' title='bbox 739 2840 865 2881; x_wconf 88' lang='lat' dir='ltr'><strong>saltim</strong></span> <span class='ocrx_word' id='word_1_260' title='bbox 897 2841 1128 2896; x_wconf 80' lang='lat' dir='ltr'><strong>exprimant.</strong></span> <span class='ocrx_word' id='word_1_261' title='bbox 1182 2838 1237 2879; x_wconf 88' lang='lat' dir='ltr'><strong>At</strong></span> <span class='ocrx_word' id='word_1_262' title='bbox 1268 2840 1307 2879; x_wconf 89' lang='lat' dir='ltr'><strong>in</strong></span> <span class='ocrx_word' id='word_1_263' title='bbox 1341 2847 1470 2889; x_wconf 76' lang='lat' dir='ltr'><strong>textu,</strong></span> <span class='ocrx_word' id='word_1_264' title='bbox 1505 2853 1618 2895; x_wconf 90' lang='lat' dir='ltr'><strong>quem</strong></span> <span class='ocrx_word' id='word_1_265' title='bbox 1651 2839 1721 2879; x_wconf 87' lang='lat' dir='ltr'><strong>ha-</strong></span> 
     </span>
    </p>
   </div>
   <div class='ocr_carea' id='block_1_3' title="bbox 237 2921 1718 2981">
    <p class='ocr_par' dir='ltr' id='par_1_4' title="bbox 237 2921 1718 2981">
     <span class='ocr_line' id='line_1_33' title="bbox 237 2921 1718 2981; baseline -0.002 -15"><span class='ocrx_word' id='word_1_266' title='bbox 237 2924 394 2975; x_wconf 88' lang='lat' dir='ltr'><strong>bemus,</strong></span> <span class='ocrx_word' id='word_1_267' title='bbox 433 2924 721 2975; x_wconf 71' lang='lat' dir='ltr'><strong>Masorethim,</strong></span> <span class='ocrx_word' id='word_1_268' title='bbox 763 2925 920 2967; x_wconf 89' lang='lat' dir='ltr'><strong>nonnisi</strong></span> <span class='ocrx_word' id='word_1_269' title='bbox 959 2924 1121 2981; x_wconf 82' lang='lat' dir='ltr'><strong>gentiles</strong></span> <span class='ocrx_word' id='word_1_270' title='bbox 1160 2921 1348 2964; x_wconf 87' lang='lat' dir='ltr'><strong>hahemus</strong></span> <span class='ocrx_word' id='word_1_271' title='bbox 1388 2924 1547 2979; x_wconf 89' lang='lat' dir='ltr'><strong>majoris</strong></span> <span class='ocrx_word' id='word_1_272' title='bbox 1589 2921 1718 2964; x_wconf 85' lang='lat' dir='ltr'><strong>fratris</strong></span> 
     </span>
    </p>
   </div>
  </div>
 </body>
</html>
