1867 3301
965 209 1067 280 32Η

766 454 1112 506 CAPITULUM
1148 456 1225 505 Vl.

251 577 308 613 Ex
336 577 391 613 his
413 575 642 625 Fragmentis
673 575 853 629 collectis,
885 575 1053 623 digestis,
1084 583 1191 625 atque
1222 576 1418 614 enucleatis
1445 576 1571 625 optimi
1597 574 1737 613 fructus

757 659 822 684 sua
850 654 978 696 sponte
1008 649 1233 696 provenient.

370 846 566 904 Denique,
601 855 647 888 ut
671 847 753 903 jam
786 847 969 889 conclusa
1001 848 1095 888 mihi
1129 850 1179 889 sit
1202 848 1296 889 haec
1319 849 1444 889 omnis
1466 850 1587 897 ratio,
1622 862 1740 904 quae-

252 929 416 971 rendum
449 939 508 971 est
540 932 697 986 quinam
729 939 946 986 proventus
979 946 1028 972 cx
1050 931 1125 972 hoc
1146 930 1291 972 laboris
1315 931 1519 987 dispendio
1541 930 1739 971 rediturus

254 1013 444 1054 videatur.
492 1013 704 1070 Equidem,
739 1022 785 1054 ut
806 1028 940 1054 verum
973 1013 1106 1063 fatear,
1140 1014 1238 1054 nihil
1268 1028 1435 1070 usquam
1468 1014 1658 1055 excelsius
1682 1015 1741 1054 in-

253 1105 411 1137 ventum
444 1098 490 1137 iri
523 1099 718 1146 existimo,
752 1097 848 1137 nihil
880 1097 1039 1152 majoris
1066 1099 1271 1146 momenti,
1306 1097 1402 1138 nihil
1429 1097 1598 1153 dignius,
1633 1096 1742 1153 quod

256 1194 388 1220 omnes
423 1178 635 1221 Christiani
676 1194 719 1219 ac
752 1179 947 1235 Theologi
987 1178 1189 1222 facultates
1222 1189 1417 1230 exerceat,
1461 1194 1575 1237 quam
1608 1181 1662 1220 ita
1693 1178 1742 1219 ad

254 1264 411 1303 intimos
452 1262 593 1304 Sacrae
636 1261 862 1319 Scripturae
907 1278 1082 1304 recessus
1126 1263 1357 1305 descendere
1399 1265 1543 1304 conari.
1606 1261 1742 1318 Neque

255 1348 353 1386 enim
403 1345 513 1386 aliter
552 1344 668 1386 nobis
709 1361 798 1386 vere
838 1346 1007 1387 revelata
1048 1346 1113 1387 [iet
1154 1361 1269 1403 quam
1310 1361 1493 1387 vocamus
1534 1345 1741 1386 revelatam

254 1429 387 1469 Divini
408 1428 529 1470 Verbi
562 1428 896 1485 significationem.
945 1429 1043 1470 Nam
1077 1429 1277 1486 quomodo
1309 1432 1342 1470 is
1376 1429 1520 1469 nudam
1544 1431 1741 1470 veritatem

255 1511 329 1552 sibi
362 1511 558 1552 vindicare
598 1520 749 1567 potest,
793 1514 859 1569 qui
896 1527 970 1568 pro
1011 1512 1138 1554 solido
1178 1527 1343 1569 corpore
1375 1514 1527 1553 inanem
1561 1513 1742 1553 vestitum

254 1594 528 1650 amplectitur?
561 1595 762 1651 quomodo
796 1597 827 1636 is
851 1611 979 1637 veram
1013 1597 1141 1637 animo
1176 1611 1248 1637 suo
1282 1597 1605 1636 sustentationem
1627 1603 1743 1651 atque

255 1678 479 1719 alimentum
511 1680 688 1734 arripiet,
725 1680 792 1735 qui
824 1694 896 1735 pro
930 1681 1018 1733 ipso
1051 1679 1243 1736 legumine
1267 1678 1412 1719 aridam
1436 1687 1474 1719 et
1495 1686 1744 1734 quassantem

255 1761 436 1817 siliquam
467 1761 706 1802 comederit?
741 1760 980 1814 Quinetiam,
1015 1777 1135 1819 quum
1159 1762 1360 1803 confirmet
1379 1761 1600 1817 Apostolus
1624 1758 1741 1816 (Eph.

254 1844 327 1893 VI,
356 1841 446 1897 17),
490 1843 652 1885 verbum
684 1844 756 1885 Dei
796 1859 879 1886 esse
920 1847 1032 1901 quasi
1065 1844 1238 1901 Spiritus
1270 1844 1403 1885 Divini
1441 1843 1634 1900 gladium,
1677 1844 1744 1899 qui

255 1927 339 1968 fieri
370 1935 521 1982 potest,
561 1935 606 1968 ut
639 1926 787 1968 Christi
818 1928 924 1968 miles
958 1927 1007 1968 ad
1039 1929 1176 1968 incitas
1208 1927 1361 1984 redigat
1391 1927 1570 1968 ecclesiae
1604 1934 1641 1967 et
1670 1926 1745 1966 rel-

255 2010 412 2066 ligionis
453 2024 546 2051 suae
583 2010 737 2060 hostes,
779 2012 811 2051 si
842 2011 1014 2067 gladium
1047 2011 1155 2051 illum
1187 2025 1339 2066 semper
1371 2011 1483 2066 quasi
1514 2010 1653 2065 vagina
1686 2010 1745 2049 in-

257 2093 406 2134 clusum
455 2101 599 2149 gestet,
649 2095 682 2134 si
722 2108 810 2134 eum
849 2094 949 2135 nolit
991 2093 1249 2149 destringere,
1299 2101 1337 2134 et
1376 2092 1518 2134 infesto
1560 2106 1745 2133 mucrone

257 2176 503 2217 adversarios
536 2178 712 2217 cominus
745 2176 934 2233 aggredi?
973 2175 1063 2217 Non
1087 2175 1221 2217 abdito
1253 2190 1342 2216 ense
1371 2175 1535 2216 honoris
1564 2183 1601 2216 ct
1631 2188 1746 2216 orna-

257 2261 377 2301 menti
409 2272 525 2299 causa
557 2260 724 2307 cinctus,
759 2258 829 2298 sed
861 2257 1030 2310 σχέδιον
1054 2255 1306 2300 αὕτόκωπον
1327 2259 1480 2311 νωμῶν
1499 2255 1622 2311 βέλος
1643 2256 1744 2297 fidus

257 2342 376 2383 homo
409 2341 621 2383 infidelium
652 2341 915 2382 cavillationes
939 2340 1157 2396 dissipabit.
1209 2340 1284 2393 Qui
1307 2349 1455 2390 autem,
1491 2341 1631 2396 vagina
1653 2353 1745 2380 con-

257 2433 406 2474 tentus,
453 2424 634 2464 laminam
674 2426 779 2465 intus
821 2423 1016 2464 conditam
1055 2437 1257 2479 nunquam
1297 2425 1488 2471 extraxit,
1537 2424 1569 2462 is
1609 2423 1745 2477 utique

257 2509 415 2563 ignorat
446 2505 657 2563 Spiritum,
701 2508 767 2563 qui
807 2506 994 2555 vivificat,
1036 2506 1221 2547 Litteram
1261 2513 1408 2554 autem,
1451 2519 1548 2560 quae
1589 2503 1742 2553 occidit,

258 2590 389 2630 servili
419 2598 545 2630 mente
577 2589 834 2645 amplectitur.
883 2589 939 2630 At
970 2591 1069 2630 enim
1092 2603 1185 2630 vero
1217 2588 1316 2629 duae
1338 2589 1586 2643 potissimum
1608 2586 1745 2628 factio-

258 2687 325 2713 nes
359 2681 452 2713 sunt
483 2687 638 2722 eorum,
675 2674 741 2728 qui
775 2672 958 2714 destricto
984 2672 1156 2727 Spiritus
1188 2671 1318 2728 gladio
1348 2672 1405 2711 uti
1427 2669 1568 2711 nolunt
1594 2694 1640 2700 —-
1666 2678 1745 2711 tra-

260 2754 450 2795 ditionum
485 2755 829 2796 ecclcsiasticarum
862 2754 1055 2803 fautores,
1092 2756 1158 2810 qui
1189 2753 1368 2794 doctores
1394 2752 1469 2793 sibi
1491 2754 1620 2793 neseio
1645 2766 1744 2808 quos

259 2851 308 2877 ex
329 2838 536 2892 primitivis
556 2835 844 2878 Christianismi
866 2836 1109 2893 temporibus
1133 2836 1292 2892 eligunt,
1322 2834 1465 2892 quibus
1487 2835 1605 2876 aniles
1629 2848 1746 2891 quas-

259 2918 354 2961 libet
386 2918 536 2960 sabulas
569 2919 832 2975 garrientibus
865 2920 956 2961 solis
984 2933 1067 2961 esse
1091 2918 1439 2975 obtemperandum
1462 2918 1644 2967 clamant,
1678 2918 1745 2973 qui
