1867 3301
492 832 1198 908 PROLEGOMENA.

641 1221 815 1270 CAPIT
819 1221 989 1271 ULUM
1026 1221 1055 1270 I.

102 1339 214 1376 Sacra
234 1337 424 1387 Scriptura
445 1349 511 1386 pro
531 1336 644 1373 verbo
665 1336 730 1372 Dei
755 1336 922 1373 habenda
945 1344 1019 1383 est,
1050 1349 1123 1373 non
1145 1338 1279 1373 carnali
1300 1344 1364 1373 aut
1383 1336 1596 1374 mechanica

182 1410 339 1458 quadam
368 1410 529 1454 ratione,
560 1408 624 1445 sed
648 1409 733 1456 quia
759 1416 940 1445 concentu
960 1408 1119 1457 quodam
1142 1421 1207 1445 suo
1230 1409 1373 1446 divinae
1395 1409 1595 1446 voluntatis

183 1481 487 1530 significationem
516 1480 695 1517 inclusam
726 1481 900 1517 continet.

104 1665 267 1737 Sacros
286 1692 527 1734 Judaeorum
547 1691 941 1748 Christianorumque
963 1690 1086 1733 libros
1110 1691 1244 1732 divino
1268 1691 1439 1748 quodam
1462 1691 1598 1733 afflatu

104 1779 266 1818 animari
306 1792 419 1818 nemo
460 1778 681 1833 negaverit,
724 1778 791 1832 qui
823 1776 884 1816 vel
921 1762 1088 1832 aliquen1
1121 1775 1263 1817 habeat
1295 1778 1464 1816 sincerae
1497 1776 1598 1817 relli-

103 1847 232 1918 gionis
266 1875 444 1910 sensum,
480 1860 540 1901 vel
572 1862 611 1900 in
634 1861 796 1901 veritate
828 1860 1101 1916 investiganda
1134 1859 1294 1900 candide
1328 1868 1444 1915 atque
1467 1868 1598 1915 aperte

106 1952 294 1986 versetur.
346 1943 471 1997 Quam
505 1943 684 2000 equidem
708 1945 938 1985 sententiam
960 1945 1113 1984 tametsi
1136 1943 1388 1984 libentissime
1412 1958 1455 1983 ac
1478 1945 1599 1984 veris-

105 2030 203 2068 simo
237 2029 354 2068 animi
387 2028 527 2068 affectu
559 2027 769 2084 profiteor,
804 2042 885 2067 non
916 2035 1046 2067 tamen
1078 2026 1222 2067 idcirco
1254 2029 1293 2067 in
1321 2042 1456 2067 eorum
1482 2025 1599 2067 verba

100 2111 295 2166 jurarem,
330 2113 397 2167 qui
430 2110 475 2152 de
500 2110 619 2152 Sacra
642 2110 847 2166 Scriptura
878 2112 932 2151 ita
956 2110 1175 2167 loquuntur
1197 2119 1384 2167 tanquam
1408 2112 1439 2151 si
1464 2126 1597 2152 omnes

108 2194 324 2244 clausulae,
369 2196 499 2235 omnia
530 2193 743 2244 vocabula,
787 2209 920 2235 omnes
955 2193 1147 2250 syllabae,
1191 2196 1285 2251 quin
1318 2197 1431 2236 etiam
1465 2210 1599 2236 omnes

107 2280 235 2333 apices
268 2286 306 2320 et
337 2286 516 2319 accentus
550 2277 597 2319 ab
631 2280 718 2334 ipso
752 2277 825 2318 Dei
858 2277 1011 2334 Spiritu
1043 2287 1299 2319 emanassent.
1359 2278 1457 2319 Nam
1491 2278 1601 2335 quod

108 2361 209 2402 dixit
242 2361 442 2403 Gustavns
474 2361 687 2417 Adolphus
721 2359 950 2403 Schumann
993 2358 1180 2415 (Genesis
1220 2377 1259 2419 p.
1286 2360 1463 2416 LXXI),
1508 2376 1600 2404 »ex-

107 2447 272 2500 spiravit
302 2447 570 2501 inspirationis
604 2444 797 2486 absurdae
827 2444 1025 2495 doctrina,
1061 2460 1159 2502 quae
1192 2461 1308 2486 sanae
1340 2455 1378 2487 et
1409 2447 1601 2501 legitimae

107 2527 299 2570 librorum
339 2528 564 2570 divinorum
607 2531 920 2586 interpretationi
961 2544 1154 2570 summum
1196 2529 1380 2570 damnum
1420 2530 1599 2579 intulit,«

108 2611 149 2652 id
181 2614 329 2653 utinam
360 2611 551 2654 affirmare
582 2626 753 2669 possem.
802 2612 955 2653 Vivunt
984 2613 1193 2654 etiamdum
1224 2615 1455 2670 vigentque,
1489 2628 1603 2669 prae-

110 2696 242 2736 sertim
279 2697 378 2738 inter
408 2703 627 2746 nostrates,
668 2696 856 2753 relligiosi
889 2695 1055 2738 fortasse
1088 2704 1125 2738 et
1155 2697 1210 2753 pii
1232 2691 1257 2749 ¹)
1291 2696 1490 2747 homines,
1535 2694 1603 2738 sed

213 2888 236 2933 ¹)
269 2887 482 2935 Quantopere
516 2875 672 2924 differant
709 2889 864 2925 homines
898 2892 1082 2935 relliqiosz'
1119 2895 1151 2925 et
1182 2892 1238 2935 pii
1271 2890 1396 2938 optime
1428 2890 1605 2926 admonuit

113 2952 332 2988 Godofredus
359 2954 530 2989 Hermann
557 2956 695 3001 (Opusc.
714 2955 757 2998 V,
785 2968 816 3001 p.
840 2954 932 3000 119).

1300 3027 1317 3062 1

665 3084 683 3103 ³1
