1867 3301
796 201 897 250 259

101 345 197 386 alios
240 344 374 386 hostes
414 343 626 385 debellasse
660 340 843 396 (c.VII).
891 343 949 384 Ita
987 351 1032 384 ut
1062 342 1257 384 Israelitae
1301 343 1595 385 triiunvirorum

100 427 252 477 Ehudi,
288 426 494 476 Gideonis,
537 435 574 468 et
604 426 799 483 Jeplithae
831 428 1015 483 auspiciis
1049 441 1129 468 uno
1163 428 1313 483 impetu
1345 435 1595 483 assurgentes

99 510 384 559 Moabitarum,
425 510 763 559 Ammonstarum,
805 518 843 551 ct
880 509 1175 551 Midianitarum
1210 510 1353 566 Jugum
1393 518 1594 551 exuerent.

101 593 209 647 Quae
241 596 273 636 si
305 596 360 635 ita
391 596 481 643 sint,
514 593 647 635 Ehudi
670 593 820 634 facinus
844 601 881 635 et
903 595 1117 635 auctoritas
1145 590 1227 646 (III,
1257 591 1445 646 12-30)
1469 593 1595 634 alieno

100 677 186 718 loco
221 685 587 727 commemorantur,
621 685 659 718 et
689 676 897 733 releganda
929 686 1023 718 sunt
1054 676 1104 718 ad
1135 685 1313 733 tempora
1345 691 1445 733 quae
1466 676 1598 717 Jabini

101 760 397 803 debellationem
429 752 787 817 subsequebantur.
827 760 894 801 Ad
923 775 1119 802 summum
1141 760 1385 802 demonstrat
1405 760 1596 802 Herveius

99 844 306 901 periodum
352 847 453 886 inter
491 845 653 886 Josuam
699 852 737 884 et
777 842 997 885 Samuelem
1035 844 1160 885 multo
1200 844 1420 885 breviorem
1461 844 1595 893 fuisse,

100 942 217 984 quam
249 943 348 984 quae
380 930 419 969 in
442 929 628 969 tralatitia
650 928 909 984 chronologia
935 927 1224 978 circumfertur,
1258 929 1297 968 in
1320 929 1444 984 capite
1467 929 1595 983 primo

100 1027 138 1052 v.
173 1011 191 1053 1
236 1011 442 1068 legendum
483 1027 566 1053 esse
604 1019 724 1067 »post
754 1019 919 1052 mortem
951 1011 1126 1061 Mosis«,
1169 1011 1239 1052 uhi
1270 1026 1376 1052 nunc
1406 1010 1595 1052 habemus

102 1103 220 1151 »post
251 1103 414 1136 mortem
437 1094 641 1143 Josuae«,
677 1102 716 1135 et
745 1096 785 1135 in
818 1109 849 1135 c.
872 1094 940 1142 XI,
974 1110 1012 1135 v.
1038 1093 1093 1136 26
1116 1094 1354 1135 vocabulum
1377 1097 1487 1162 1·ῒέζῖ
1511 1109 1597 1135 cor-

100 1186 262 1233 ruptum
300 1192 384 1219 esse
424 1187 463 1219 et
500 1177 820 1219 substituendum
861 1182 946 1238 Ἶψ
988 1178 1046 1218 vel
1086 1181 1230 1245 *DN-123
1278 1192 1368 1219 nam
1409 1179 1596 1234 quoniam

99 1262 314 1317 sexayinta
336 1262 456 1303 urbes
482 1261 705 1302 dimidiatae
728 1261 1035 1302 Manassitarum
1061 1261 1182 1303 tribui
1208 1261 1436 1318 obtigerunt
1461 1258 1595 1313 (Deut.

98 1345 164 1394 IlI,
189 1344 230 1386 4.
268 1343 286 1386 1
311 1345 409 1402 Reg.
432 1345 498 1395 IV,
527 1342 610 1397 13),
645 1353 838 1387 trecentae
870 1344 987 1386 urbes
1014 1345 1125 1400 justa
1157 1347 1450 1401 computatione
1476 1347 1598 1401 perti-

99 1443 190 1470 nere
236 1427 431 1470 debebant
476 1428 526 1469 ad
564 1427 661 1469 duas
702 1428 851 1477 tribus,
898 1427 1117 1470 Rubenitas
1158 1428 1303 1469 scilicet
1342 1409 1386 1469 et*
1420 1428 1594 1477 Gaditas‚

101 1513 169 1568 qui
200 1511 304 1552 illam
338 1511 520 1553 Sichonis
553 1513 753 1568 regionem
787 1511 1030 1553 obtinebant.
1084 1511 1150 1553 Ad
1182 1512 1292 1553 civile
1324 1512 1422 1553 illud
1451 1511 1597 1553 bellum

102 1595 211 1652 quod
231 1598 381 1644 attinet,
417 1610 495 1652 quo
518 1595 800 1652 Benjaminitae
831 1610 954 1651 paene
988 1597 1109 1636 excisi
1140 1604 1235 1636 sunt
1266 1603 1304 1637 et
1335 1598 1595 1645 exterminati,

99 1678 290 1720 Herveius
322 1687 467 1729 monet,
502 1693 623 1735 quum
654 1678 866 1728 Phinehas,
899 1678 1070 1720 Aaronis
1104 1682 1242 1735 nepos,
1281 1687 1376 1720 tunc
1407 1681 1596 1736 temporis

100 1764 248 1803 viveret
271 1759 378 1815 (Jud.
401 1762 494 1812 XX,
520 1761 606 1815 28),
641 1762 738 1803 illud
769 1777 852 1803 non
883 1765 1063 1819 potuisse
1095 1764 1248 1805 evenire
1280 1764 1357 1803 nisi
1383 1765 1487 1803 intra
1509 1777 1598 1803 cen-

98 1854 183 1886 tum
222 1861 346 1887 annos
386 1855 480 1903 post
517 1846 664 1887 Josuae
703 1854 890 1895 mortemg
939 1854 977 1887 et
1017 1854 1150 1887 utrum
1191 1845 1402 1896 concedas,
1450 1861 1595 1895 annon,

100 1932 222 1975 ,ἾΨὨ
255 1928 461 1986 legendum
494 1945 578 1971 esse
608 1945 682 1986 pro
716 1933 864 1976 mmm
898 1931 938 1969 in
969 1928 1061 1970 Jud.
1084 1929 1230 1979 XVIII,
1256 1929 1331 1979 30,
1373 1929 1475 1971 idem
1508 1929 1598 1971 inde

100 2021 372 2068 argumentum
406 2012 575 2054 deducas
606 2013 707 2054 licet.
765 2012 897 2066 Quum
934 2015 974 2054 in
1006 2015 1156 2054 cantico
1191 2012 1371 2054 Deborae
1402 2013 1598 2069 Benjami-

99 2097 202 2137 nitae
238 2098 339 2137 inter
369 2098 518 2152 primos
551 2099 803 2138 nominentur
836 2094 944 2150 (Jud.
963 2097 1012 2145 V,
1041 2094 1140 2149 14),
1183 2098 1254 2138 vix
1285 2096 1492 2138 verisimile
1525 2105 1596 2146 est,

100 2179 249 2236 aliquid
287 2188 375 2221 ante
414 2180 454 2220 id
492 2188 646 2236 tempus
686 2180 778 2221 huic
817 2179 937 2221 tribui
979 2181 1140 2237 gravius
1180 2180 1384 2229 accidisse,
1427 2188 1465 2221 et
1497 2188 1598 2221 ccrte

100 2277 220 2318 quum
243 2263 411 2304 Ehudus
432 2264 694 2320 Bcnjaminita
714 2265 922 2305 universae
950 2265 1056 2320 genti
1078 2272 1279 2320 praeesset
1301 2261 1408 2316 (Jud.
1427 2263 1487 2313 III,
1509 2261 1595 2315 27),

100 2346 209 2402 quod
244 2354 370 2388 tamen
402 2355 496 2403 post
516 2346 697 2389 Deborae
728 2355 908 2404 tempora
939 2349 1115 2388 evenisse
1135 2347 1320 2397 vidimus,
1354 2347 1449 2388 haec
1470 2346 1598 2388 tribus

99 2431 200 2471 inter
223 2439 368 2472 ceteras
400 2433 607 2472 eminuisse
630 2430 822 2472 credenda
845 2439 915 2472 est.
957 2430 1009 2472 Ut
1030 2431 1200 2472 Herveio
1223 2431 1380 2472 videtur
1403 2427 1458 2487 (p.
1479 2427 1596 2483 236),

102 2513 211 2555 civile
242 2514 340 2555 illud
370 2514 514 2556 bellum
547 2523 584 2556 et
605 2514 955 2571 Benjaminitarum
988 2514 1183 2555 excidium
1208 2516 1247 2555 in
1268 2514 1419 2555 nullum
1442 2522 1597 2570 tempus

101 2596 238 2638 melius
271 2598 449 2654 quadrat,
483 2613 600 2655 quam
632 2600 672 2639 in
696 2598 854 2655 longam
876 2598 977 2639 illam
1000 2600 1174 2654 requiem
1198 2612 1297 2654 quae
1319 2596 1452 2638 Ehudi
1474 2598 1599 2638 victo-

102 2681 197 2720 riam
231 2680 487 2737 sequebatur,
522 2696 602 2739 quo
636 2691 832 2738 tempore,
866 2690 912 2722 ut
943 2681 1150 2722 verisimile
1182 2689 1259 2730 est,
1292 2680 1468 2722 bellicosi
1495 2680 1599 2722 Ben-

98 2762 300 2818 jaminitae.
332 2764 545 2820 superbum
569 2781 611 2807 ac
632 2780 835 2822 procacem
862 2764 1005 2806 fastum
1028 2763 1292 2813 assumebant,
1326 2778 1453 2821 ncquc
1475 2764 1598 2804 ullum

104 2854 187 2887 erat
226 2845 321 2888 foris
361 2846 525 2898 bellum,
567 2849 676 2905 quod
719 2851 859 2889 civium
900 2849 1050 2889 animos
1083 2847 1131 2888 ab
1165 2849 1358 2889 intestinis
1392 2846 1598 2888 discordiis

105 2937 300 2971 avocaret.
349 2929 539 2987 Denique,
575 2934 761 2988 quoniam
793 2931 841 2974 ab
874 2933 995 2973 initiis
1029 2930 1222 2973 Samuelis
1254 2945 1381 2987 usque
1412 2930 1462 2972 ad
1493 2945 1599 2971 sum-

1242 3011 1312 3046 17*
