1867 3301
950 207 1014 256 82

239 360 308 387 Gen.
329 359 378 387 IV.
405 360 446 395 [ιη
478 348 530 391 lbi
568 358 646 391 tuni
680 348 831 391 Jeliova
863 351 915 389 ita
950 347 1116 403 Qainuni
1149 350 1341 391 allocutus
1375 357 1451 391 est:

480 432 769 487 »Quamobrem
792 435 848 474 ira
871 432 941 473 tibi
964 433 1165 474 incanduit
1186 434 1432 489 confiditque
1450 433 1582 474 vultus
1603 433 1724 475 tuus?

406 527 446 560 [⁷]
479 515 619 557 Nonne
653 518 684 557 si
717 525 818 558 reete
852 516 1004 566 feceris,
1040 517 1102 557 illa
1136 525 1194 558 est
1225 516 1441 557 exaltatio?

480 599 550 640 Sin
583 602 730 649 minus,
766 600 815 641 ad
846 602 992 656 peccati
1024 599 1127 642 fores
1158 599 1393 642 recumbis.«

482 682 648 731 [lIabelo
682 691 810 724 autem
845 682 945 723 dixit
975 682 1145 724 Jehova:

195 774 443 812 [Gen.XXH.15]
479 765 701 819 »Quoniam
735 767 856 808 fecisti
891 767 989 807 hane
1019 782 1119 816 reni,
1155 775 1193 808 et
1224 768 1260 806 in
1295 781 1352 807 nie
1386 766 1601 811 credidisti,

237 857 443 896 {uemxxnv}
476 849 573 890 Ecce
605 852 785 906 reputavi
817 849 857 890 id
892 849 960 890 tibi
993 850 1041 890 ad
1067 851 1275 905 justitiam.

165 941 442 979 [Gatxxvnffle]
475 932 566 974 Inde
599 936 784 989 magister
816 935 889 974 eris
923 932 1051 974 fratris
1084 930 1158 984 tui]

403 1026 444 1060 [7]
477 1016 527 1057 Et
559 1016 632 1057 snb
668 1025 701 1057 te
734 1018 806 1057 erit
837 1018 1034 1072 appetitus
1068 1016 1150 1070 ejus

479 1099 621 1156 Tuque
654 1102 693 1140 in
726 1114 812 1141 eum
847 1098 1150 1140 dominaberis.«

208 1168 337 1199 “mm
353 1171 446 1244 ὃῗζῇ
479 1182 667 1239 Dixitque
692 1182 839 1236 Qainus
855 1182 1005 1223 Habelo
1030 1182 1138 1223 fratri
1162 1196 1256 1223 suo:
1290 1181 1459 1222 »Eamus
1484 1183 1521 1222 in
1545 1195 1720 1238 agrum«

478 1265 607 1319 Quum
641 1268 761 1323 igitur
791 1280 882 1307 rure
914 1274 1059 1315 essent,

479 1348 626 1402 Qainus
669 1348 859 1391 Habelum
910 1348 1065 1390 fratrem
1104 1363 1219 1390 suum
1260 1363 1469 1406 aggressus
1510 1357 1568 1390 est
1605 1356 1721 1405 atque

1085 1432 1286 1474 interfecit.

402 1526 443 1559 [9]
477 1515 579 1556 Tum
613 1515 765 1556 Jehova
799 1514 924 1569 Qaino
957 1515 1196 1557 inclamavit:

478 1597 577 1639 »Ubi
611 1607 668 1639 est
698 1599 871 1641 Habelus
906 1598 1022 1640 frater
1054 1598 1203 1640 tuus?«

475 1681 537 1722 Ille
572 1696 686 1732 vero,
722 1681 937 1731 »Nescim«
977 1684 1125 1739 inquit3
1168 1696 1287 1723 »nuni
1321 1690 1452 1722 eustos
1486 1680 1615 1723 fratris
1647 1683 1718 1723 inei

1084 1780 1156 1822 ego
1190 1765 1337 1807 suni?«

382 1858 443 1891 [10]
476 1847 628 1889 Jehova
659 1857 787 1889 autem
821 1848 940 1890 dixit:
974 1847 1107 1902 »Quid
1138 1849 1330 1905 patrasti?

475 1931 569 1972 Vox
602 1931 761 1972 fraterni
794 1934 995 1988 sanguinis
1029 1932 1078 1973 ad
1109 1947 1168 1973 me
1202 1932 1247 1973 de
1279 1941 1382 1974 terra
1414 1932 1608 1988 queritur!

382 2025 443 2058 [11]
476 2014 561 2055 Jam
595 2030 688 2056 vero
722 2017 796 2072 ipsi
828 2024 953 2056 terrae
987 2016 1224 2057 detestabilis
1258 2018 1331 2057 eris

478 2097 586 2151 Quae
616 2098 665 2139 ad
687 2098 951 2154 recipiendum
974 2098 1102 2140 fratris
1125 2101 1182 2140 tui
1205 2101 1433 2156 sanguinem
1456 2114 1477 2140 a
1498 2101 1577 2141 tuis
1598 2100 1720 2140 mani-

1082 2182 1157 2224 bus
1191 2197 1235 2224 os
1268 2198 1383 2257 suurn
1415 2185 1580 2238 aperuit.

384 2273 446 2307 [12]
481 2262 648 2316 Quando
682 2272 822 2305 terrain
857 2266 958 2307 coles
991 2281 1070 2307 non
1102 2274 1148 2307 ut
1179 2274 1267 2307 ante
1293 2264 1476 2307 virtutem
1507 2280 1616 2307 suam
1649 2267 1719 2306 im-

1082 2350 1235 2404 pertiet.

477 2429 696 2484 Quinetiam
730 2432 899 2472 extorris
932 2432 1006 2473 eris
1039 2439 1077 2472 et
1107 2430 1367 2487 vagabundus
1404 2432 1443 2471 in
1475 2430 1550 2472 hoc
1583 2431 1715 2473 orbe«

381 2522 443 2557 [13]
476 2512 698 2569 Respondit
731 2512 878 2567 Qainus
910 2513 1103 2556 Jehovae:
1143 2514 1297 2569 »Majus
1330 2522 1388 2556 est
1419 2514 1543 2555 scelus
1575 2529 1715 2564 meum,

1066 2611 1181 2653 quam
1205 2597 1313 2652 quod
1335 2597 1547 2638 condonari
1569 2598 1715 2654 possit!

384 2687 445 2721 [14]
478 2677 557 2720 En!
592 2680 752 2735 expellis
784 2695 843 2721 me
876 2679 992 2722 hodie
1025 2695 1073 2720 ex
1106 2680 1177 2721 hae
1208 2680 1384 2736 regione!

475 2761 513 2802 A
547 2771 611 2802 tua
644 2777 802 2819 quoque
834 2765 1052 2819 praesentia
1085 2763 1316 2805 exturbatus
1349 2763 1456 2804 sum!

474 2843 525 2884 Et
556 2847 725 2886 extorris
759 2845 1097 2902 vagabundusque
1128 2860 1198 2901 per
1228 2854 1351 2888 terras
1385 2845 1544 2888 errabo!

476 2924 584 2967 Unde
603 2926 778 2969 futurum
797 2937 867 2979 est,
883 2937 927 2970 ut
944 2930 1166 2986 quicunque
1181 2930 1219 2970 in
1234 2944 1293 2970 nie
1309 2929 1464 2979 ineidat,
1479 2928 1714 2970 interficiat«
