1867 3301
782 247 809 251 ,,
829 180 895 249 ῖ5

118 325 256 364 rimum
298 321 477 362 coelestia
517 320 661 361 lumina
700 333 778 361 non
813 318 979 360 absimili
1012 308 1280 377 designatione
1312 321 1607 376 compellabant.

119 403 247 458 Quum
281 406 380 445 enim
413 403 541 444 stellas
574 404 612 444 in
644 402 738 459 polo
771 404 956 444 micantes
988 402 1244 445 intuebantur
1274 412 1461 460 tanquam

361 482 583 540 λαμπροὺς
616 484 829 534 δυνάστας
860 484 1156 540 ἐμπρέποντας
1187 486 1355 541 αἰθέρι,

117 571 217 612 illico
251 571 487 627 cogitatione
520 568 593 610 sibi
626 570 831 626 imaginem
865 568 1140 626 confingebant
1162 572 1356 612 exercitus
1380 571 1461 611 sive
1485 570 1606 618 chori,

117 656 184 711 qui
205 653 378 695 Jehovae
411 652 593 694 mandata
626 660 907 709 exsequeretur
929 653 989 694 vel
1021 654 1105 707 ejus
1137 652 1272 695 laudes
1297 662 1461 695 caneret.
1508 653 1610 695 Hinc

116 740 154 779 in
194 739 278 793 ipsa
318 738 526 778 creationis
566 736 730 777 historia
772 738 937 792 legimus
969 735 1096 777 Deum
1135 736 1348 778 confecisse
1389 736 1539 778 coelum
1572 746 1609 779 et

118 829 254 862 terram
296 828 334 861 ct
373 828 501 862 totum
542 821 763 861 exercitum
802 834 938 861 eorum
976 802 1299 888 (02323-527,
1343 819 1439 861 Gen.
1471 820 1521 869 ΙΙ,
1552 817 1605 873 1).

114 903 285 946 «lacobus
317 918 428 945 mane
460 917 643 960 surgenS,
679 912 724 945 ut
755 912 979 960 susceptum
1001 906 1074 945 iter
1094 884 1317 960 perageret,
1351 905 1391 944 in
1413 903 1607 945 stellatum

116 987 264 1030 coelum
298 989 539 1043 suspiciens,
585 988 707 1028 »haec
739 996 832 1028 sunt
864 995 990 1028 castra
1021 986 1138 1036 Dei«,
1181 988 1328 1043 inquit,
1374 987 1607 1044 »locumque

116 1072 196 1113 duo
229 1078 363 1113 castra
395 1067 603 1138 (ΠἾΞΓἹΤ-Ξ)
638 1072 794 1112 vocavit
826 1068 939 1124 (Gen.
963 1070 1135 1121 XXXII,
1160 1067 1217 1124 3).
1280 1069 1380 1111 Hinc
1412 1071 1606 1128 propheta

114 1155 227 1211 fingit
258 1169 297 1195 se
331 1153 461 1197 videre
483 1135 673 1196 Jel10va111
706 1156 745 1196 in
778 1155 878 1196 solio
912 1154 1127 1204 sedentem,
1163 1162 1201 1196 et
1222 1161 1348 1196 totum
1370 1155 1472 1196 coela·
1492 1170 1606 1197 exer-

115 1239 236 1279 citum
268 1233 473 1305 (ΠἾᾨΨῌ
509 1221 755 1304 &gg-¹722)
789 1246 953 1279 stantem
986 1254 1005 1279 a
1041 1238 1180 1279 dextra
1207 1246 1245 1279 et
1267 1239 1425 1279 sinistra
1448 1235 1488 1291 (1
1507 1237 1604 1296 Reg.

113 1321 242 1370 XXII,
271 1319 354 1374 19).
403 1322 503 1363 Hinc
524 1302 631 1362 Deus
663 1323 703 1362 in
724 1302 835 1362 'libro
858 1320 950 1362 ,lobi
974 1318 1216 1374 (XXXVIII,
1243 1319 1286 1375 7)
1310 1321 1356 1364 de
1378 1335 1449 1363 sua
1470 1322 1605 1363 mundi

113 1407 307 1447 creatione
338 1405 505 1461 loquens
539 1406 609 1445 ait:
644 1419 793 1461 »quum
818 1419 878 1445 me
902 1404 1115 1446 laudabant
1138 1405 1254 1446 simul
1276 1414 1381 1446 astra
1401 1408 1605 1455 matutina,

114 1497 151 1529 et
191 1487 418 1543 jubilabant
465 1503 597 1530 omnes
637 1487 704 1529 filii
744 1488 816 1529 Dei
837 1483 907 1541 ³).«
979 1487 1159 1542 Quocum
1198 1488 1376 1530 conferas
1416 1491 1604 1531 visionem

112 1571 261 1613 Jesaiac
295 1567 585 1628 (VI,1sqq.),
629 1573 695 1628 qui
734 1572 925 1628 triplicem
966 1571 1087 1614 divini
1127 1574 1299 1614 numinis
1332 1573 1607 1615 salutationem

113 1655 404 1713 apparitoribus
437 1655 530 1705 illis,
566 1657 634 1712 qui
665 1656 725 1696 vel
758 1654 934 1697 ferebant
965 1656 1025 1698 vel
1057 1655 1258 1713 stipabant
1287 1656 1462 1699 Jehovae
1493 1657 1605 1699 thro-

112 1754 227 1789 num,
262 1738 577 1781 committendam
610 1748 751 1781 censet.
800 1739 1003 1782 Pertinent
1028 1740 1123 1782 haec
1148 1742 1279 1782 omnia
1300 1740 1350 1782 ad
1370 1740 1605 1783 invisibilem

110 1823 184 1865 Dei
229 1824 470 1879 majestatem
517 1822 731 1879 symbolis,
780 1838 879 1880 quac
928 1826 1032 1866 cerni
1071 1826 1247 1881 possint,
1296 1824 1602 1881 significandam.

114 1906 243 1961 Quum
276 1915 405 1949 autem
436 1915 670 1964 potestatem
703 1907 825 1958 illam,
861 1922 978 1965 quam
1004 1907 1111 1949 Deus
1143 1910 1184 1949 in
1213 1907 1405 1950 mundum
1437 1917 1601 1957 exercet,

113 1990 305 2033 declarare
328 1991 489 2040 vellent,
525 1990 573 2031 ad
608 2005 652 2032 ea
682 2006 854 2048 superna
879 1992 1150 2048 phaenomena
1172 1991 1470 2049 confugiebant,
1505 2007 1602 2049 quae

113 2083 253 2115 terram
283 2076 451 2130 propius
474 2075 685 2131 attingunt.
732 2075 790 2116 Ita
810 2073 954 2124 nubes,
990 2084 1107 2118 vento
1131 2077 1316 2133 agitatae,
1351 2077 1463 2134 quasi
1486 2090 1603 2118 curru

215 2263 237 2307 ¹)
268 2261 359 2298 Nihil
392 2261 482 2297 aliud
515 2261 702 2309 significare
728 2262 891 2310 hymnum
919 2262 1077 2300 ecclesiae
1105 2266 1158 2299 Te
1182 2265 1300 2300 Deum
1326 2270 1358 2300 et
1386 2267 1604 2311 Trisayium

110 2329 358 2370 Eucharistiae,
393 2340 491 2374 quam
519 2339 636 2363 omnes
663 2327 746 2363 coeli
772 2334 958 2375 potestates
985 2329 1055 2365 Deo
1077 2329 1265 2375 jubilantes
1291 2329 1490 2373 acclamare,
1520 2331 1601 2366 satis

111 2393 209 2430 docet
232 2395 367 2429 initium
393 2393 519 2429 Psalmi
539 2393 647 2428 XIX:
1163 2388 1167 2392 ’

322 2459 463 2494 Coelum
490 2464 622 2494 enarrat
645 2458 788 2505 gloriam
814 2458 893 2501 Dei,

321 2525 514 2560 Annunciat
538 2524 652 2559 aether
678 2535 764 2571 opus
792 2523 878 2569 ejus.

322 2590 361 2625 ld
389 2590 559 2637 quaelibet
584 2590 656 2624 dies
682 2595 939 2631 commemorat,

322 2656 362 2691 ld
389 2655 559 2703 quaelibet
583 2667 654 2690 nox
678 2654 844 2701 loquitur.

321 2720 422 2756 Nulla
447 2725 498 2755 est
523 2720 657 2768 lingua,
682 2719 776 2755 nulla
803 2719 964 2755 dialectus

323 2785 362 2820 In
388 2797 454 2831 qua
479 2797 548 2820 non
573 2785 758 2821 audiuntur
783 2785 841 2820 illa
866 2784 986 2832 elogia.

324 2851 388 2885 Per
413 2856 523 2885 totum
548 2857 712 2887 terrarum
739 2851 854 2886 orbem
881 2862 955 2885 sese
983 2849 1142 2885 diffundit
1168 2862 1285 2886 eorum
1312 2864 1429 2894 sonuS,

322 2916 375 2952 Ad
402 2921 570 2953 extremos
595 2917 747 2954 universi
773 2916 856 2953 fines
883 2915 1036 2963 pervadit
1061 2927 1177 2953 eorum
1204 2929 1327 2953 sermo.
