1867 3301
827 215 1012 287 ρ104

220 362 305 402 dam
330 356 387 413 ¹)‘2‘
433 357 632 416 Japetidae
671 366 805 414 gentes
840 355 1085 405 devicerunt,
1128 364 1166 397 et
1197 358 1322 397 varias
1357 364 1458 397 artes
1491 355 1541 397 ad
1572 356 1709 398 huma-

216 446 374 485 nitatem
407 452 444 484 et
477 441 782 483 commodiorem
805 442 906 481 vitae
939 454 1054 481 usum
1083 442 1335 489 invenerunt3
1370 437 1537 480 Semitae
1566 448 1706 489 autem,

219 538 400 585 tanquam
441 526 615 582 populus
656 525 819 573 electus,
858 523 1138 564 balbutientem
1176 523 1465 580 relligiosorum
1505 523 1708 564 hominum

219 621 383 653 mentem
418 611 530 666 quasi
562 607 869 649 manuducentes
903 606 952 648 ad
978 605 1179 662 Christum
1210 606 1411 662 paullatim
1445 606 1708 648 adduxerunt.

219 694 461 749 Quinetiam,
498 707 618 749 quum
640 693 772 748 magni
794 693 1049 747 imperatores
1074 690 1180 746 apud
1201 690 1289 731 illos
1312 691 1578 740 eminuerunt,
1611 692 1710 732 inter

218 778 385 820 Semitas
418 776 525 817 Dens
566 789 682 816 suum
712 773 1007 816 tabernaculum
1038 775 1195 830 posuit„
1249 774 1425 815 Primum
1457 776 1558 814 inter
1587 773 1710 815 Israe-

217 863 303 903 litas
344 862 383 901 in
426 858 570 900 visibili
614 858 757 913 templo
800 857 993 899 habitavit
1031 857 1114 913 ejus
1149 854 1368 898 Skelcz'nalz.
1432 857 1575 898 Postea
1616 871 1708 899 vero

218 943 241 986 ὂ
276 943 399 996 λόγος
440 940 549 998 σὰρξ
588 940 752 993 ἐγένετο
794 943 865 981 καὶ
904 940 1136 996 ἐσκήνωσεν
1174 939 1221 981 ἐν
1258 938 1357 995 ἡμῖν
1390 937 1554 994 (Joann.
1577 941 1613 990 Ι,
1643 938 1707 982 14.

219 1028 266 1070 cf.
289 1027 454 1083 Apocal.
478 1025 594 1075 XXI,
620 1024 667 1066 3:
703 1023 796 1065 ἰδοῦ
828 1018 853 1079 ἦ
888 1019 1015 1078 σκηνὴ
1049 1022 1124 1064 τοῦ
1154 1022 1265 1064 θεοῦ
1295 1020 1402 1077 μετὰ
1427 1022 1510 1066 τῶν
1532 1019 1709 1079 ἀνθρώ

218 1125 312 1153 πων
345 1112 416 1151 καὶ
448 1104 652 1163 σκηνώσει
682 1102 777 1161 μετ’
800 1104 973 1159 αὐτῶν).

335 1193 439 1234 Num
472 1194 594 1247 magis
626 1190 832 1233 manifesto
866 1190 1082 1248 significare
1111 1192 1244 1246 potuit
1264 1198 1371 1232 vates
1402 1199 1536 1232 noster
1556 1190 1709 1233 beatam

218 1280 424 1334 utriusque
458 1275 587 1317 fratris
621 1283 767 1316 sortem
798 1298 843 1305 —-
880 1274 1132 1330 temporalem
1164 1273 1293 1330 ²Iapeti
1326 1274 1560 1324 felicitatem,
1595 1277 1709 1332 spiri-

217 1362 330 1402 talem
355 1359 489 1401 Shemi
520 1357 715 1416 gloriam?
745 1357 849 1399 Num
882 1359 1054 1415 apertius
1088 1357 1281 1399 declarare
1310 1357 1479 1399 divinam
1500 1358 1606 1400 Illius
1629 1361 1710 1416 epi·-

217 1445 422 1501 phaniam,
465 1445 531 1500 qui
570 1441 824 1486 Immauu-el
860 1443 884 1482 i.
917 1456 948 1483 e.
984 1440 1215 1483 »nobiseum
1247 1441 1379 1483 Deus«
1419 1457 1512 1483 vero
1552 1445 1708 1485 nomine

218 1536 467 1584 nuncupatus
501 1526 588 1568 est?
619 1525 674 1568 At
707 1527 807 1567 enim
840 1540 932 1567 vero
956 1533 1069 1567 vetus
1102 1525 1314 1567 admodum
1346 1534 1384 1567 et
1415 1535 1598 1568 constans
1628 1535 1710 1569 erat

220 1611 375 1654 traditio
415 1610 605 1652 Shemum
645 1610 809 1651 eundem
850 1608 970 1650 fuisse
1013 1623 1056 1650 ae
1094 1609 1491 1666 Melchitsedeqnum,
1535 1609 1708 1653 Salemae

216 1710 365 1752 regem,
401 1696 469 1750 qui
502 1693 549 1734 ab
582 1693 809 1734 Abrahamo
842 1695 989 1734 victore
1023 1692 1189 1734 decimas
1223 1695 1381 1749 aceepit.
1442 1693 1708 1750 Hieronymus

217 1780 330 1827 enim,
361 1776 579 1818 »Hebraei«
602 1779 731 1833 inquit
754 1774 932 1831 (Quaest.
951 1776 1000 1817 ad
1023 1775 1117 1819 Gen.
1136 1773 1247 1829 XIV)
1272 1779 1408 1818 »aiunt
1423 1776 1708 1820 Melchisedech

217 1877 299 1904 esse
336 1860 427 1902 Sem
465 1861 588 1902 filium
619 1859 746 1901 Noe.<‹
808 1860 859 1902 Et
898 1868 1063 1916 utraque-
1103 1860 1354 1917 paraphrasis
1389 1859 1597 1902 Chaldaica
1635 1876 1708 1902 no·

216 1947 309 1986 mini
330 1944 654 2001 Melchitsedequi
677 1952 904 2000 apponunt:
937 1938 996 2002 [¹52]
1027 1944 1098 2001 Ἶξ
1130 1947 1212 1989 Dw
1244 1948 1358 1994 ΝῆΠ,
1399 1943 1487 1985 »hic
1519 1952 1577 1985 est
1609 1943 1708 1987 She-

215 2044 323 2078 mus,
366 2028 470 2069 filius
503 2026 695 2068 Noaclli.«
757 2027 948 2084 Equidem
981 2043 1061 2069 non
1092 2029 1314 2085 negaverim
1349 2026 1486 2070 Genes.
1512 2028 1707 2085 eap.XlV

216 2113 443 2153 historicam
483 2111 733 2152 traditionem
773 2126 928 2168 sapere,
970 2120 1008 2153 et
1038 2111 1119 2152 fieri
1152 2119 1302 2167 potest,
1346 2120 1388 2152 ut
1420 2111 1558 2168 aliquis
1591 2111 1708 2154 fuerit

215 2195 501 2237 Jebusaeorum
524 2195 696 2251 regulus,
732 2197 798 2251 qui
819 2195 1177 2252 Melchitsedequus
1202 2195 1263 2236 vel
1286 2196 1543 2250 Δικαίαρχος
1574 2196 1708 2252 appel-

214 2279 316 2320 latus
350 2286 428 2327 est3
470 2277 635 2318 fortasse
669 2278 764 2318 illud
795 2293 936 2319 nomen
968 2279 1027 2319 vel
1060 2293 1325 2335 synonymum
1353 2278 1707 2336 Adonitsedequus

214 2362 408 2418 peculiare
442 2360 516 2402 fuit
547 2363 714 2402 istorum
746 2376 881 2417 regum
914 2361 1128 2416 epitheton.
1184 2360 1261 2402 Sed
1295 2361 1498 2402 confirmat
1528 2361 1705 2418 Aposto-

214 2445 310 2486 licus
349 2444 549 2500 Epistolae
590 2444 639 2485 ad
669 2443 869 2485 Hebraeos
909 2452 1046 2485 auctor
1078 2441 1190 2496 (Vll,
1222 2442 1241 2485 1
1270 2441 1404 2500 sqq.),
1447 2444 1554 2501 quod
1594 2454 1704 2488 antea

216 2528 392 2570 edixerat
424 2527 580 2569 divinus
613 2527 674 2569 ille
695 2527 844 2570 Psaltes
878 2525 987 2580 (CX,
1012 2524 1069 2580 4),
1103 2527 1500 2585 Melchitsedequum,
1535 2531 1603 2585 qui
1633 2543 1704 2573 rex

317 2692 339 2734 ¹)
373 2691 512 2726 Bnnsen
539 2693 734 2739 Aegypten,
761 2691 913 2726 Vorrede
940 2703 970 2737 p.
988 2691 1056 2726 XI:
1091 2691 1199 2725 „Was
1226 2693 1288 2726 wir
1308 2691 1595 2740 Weltgeschichte
1621 2706 1703 2729 nen-

214 2769 297 2798 nen,
330 2756 453 2790 musste
489 2759 552 2790 mir
585 2757 633 2790 als
668 2757 720 2791 die
748 2756 944 2792 Geschichte
979 2757 1099 2791 zweier
1126 2756 1362 2792 Geschlechter
1388 2759 1600 2801 erscheinen‚
1633 2759 1702 2794 und

214 2833 304 2856 zwar
337 2821 487 2855 erschien
522 2823 584 2855 mir
619 2822 676 2856 das
704 2821 1021 2870 lndogermanische
1055 2821 1102 2856 als
1137 2822 1194 2856 das
1230 2822 1292 2856 den
1328 2823 1465 2869 grossen
1495 2823 1609 2858 Strom
1644 2824 1702 2859 der

214 2886 500 2933 WVeltgeschichtc
535 2887 750 2922 fortleitende
783 2887 954 2929 Element,
990 2887 1047 2921 das
1078 2887 1309 2930 Aramaische,
1344 2888 1392 2922 als
1427 2888 1484 2923 das
1519 2888 1700 2924 denselben

214 2951 511 2988 durchkreuzende
539 2953 608 2987 und
635 2953 687 2988 die
713 2953 885 3000 Episoden
907 2952 1003 2998 jenes
1031 2952 1216 2999 gb'ttlichen
1240 2953 1379 2989 Dramas
1407 2953 1597 2989 bildendc.=‹
