1867 3301
867 184 954 216 ΧΙΧ

163 306 206 340 Hi
234 317 301 340 non
328 318 388 340 sua
414 307 566 351 ipsorum
594 307 720 352 gratia,
748 306 806 340 sed
835 312 971 352 propter
989 307 1096 341 Deum
1125 318 1223 353 quem
1251 307 1430 355 τριστέγιον
1449 308 1540 343 salu-

209 382 297 419 tant,
324 380 445 412 sancti
471 376 683 423 appellantur
720 404 1539 413 ...............

160 448 199 483 In
227 461 256 482 v,
275 448 295 483 5
322 460 389 482 non
416 448 531 482 Moses
558 459 618 482 nec
644 448 735 482 Deus
763 449 821 482 sed
851 448 993 483 Solomo
1020 449 1224 496 intelligitur
1243 477 1539 484 ......

161 519 373 555 Imitationes
401 519 579 554 Davidicae
606 520 638 553 in
666 519 730 554 {ine
758 521 913 554 carminis
948 546 1538 555 ...........

644 644 693 681 ΙΝ
724 644 928 682 PARTEM
961 644 1174 683 SEXTAM.

159 735 251 769 Duae
283 740 473 780 postremae
499 734 678 769 Jasbarani
711 735 788 769 libri
819 741 928 781 partes
957 736 1173 770 citationibus
1201 737 1320 781 partim
1347 738 1539 771 innituntur

160 807 310 840 Historia
338 805 566 840 Israelitarum
594 818 660 839 non
688 806 836 853 mythica
863 807 922 841 sed
949 806 1111 840 mirabilis
1125 833 1535 842 ........

159 877 247 912 Tres
275 877 505 911 Israelitarum
532 878 694 912 victoriae
721 878 871 912 miranda
899 877 1142 912 elementorum
1171 890 1234 924 ope
1260 879 1478 926 profligatae.
1531 906 1537 912 .

159 949 342 983 Transitus
369 950 470 983 maris
497 949 631 983 Arabici
660 950 833 995 quomodo
862 949 971 984 factus
999 949 1067 984 sit?
1123 976 1537 984 ........

160 1019 364 1054 Proeliatum
393 1025 445 1054 est
469 1021 556 1054 inter
573 1020 745 1055 Israelitas
773 1027 805 1056 et
823 1022 1052 1061 Pharaonem,
1080 1026 1110 1055 et
1132 1020 1274 1055 fulmina
1293 1023 1327 1055 in
1345 1022 1536 1069 Aegyptios

204 1092 307 1125 missa
335 1096 413 1124 sunt
423 1116 1535 1127 ....................

156 1163 350 1207 Antiquitas
380 1163 548 1196 ovationis
575 1163 760 1205 Mosaicae‚
790 1176 876 1210 quae
902 1165 936 1198 in
964 1163 1108 1199 solemni
1136 1170 1234 1199 coetu
1262 1164 1496 1199 decantaretur
1528 1191 1535 1198 .

155 1232 355 1277 Explicatur
381 1232 478 1267 locus
504 1233 526 1267 2
547 1233 635 1267 Sam.
656 1234 687 1276 I,
709 1233 753 1269 18
772 1260 1533 1269 ..............

156 1303 274 1338 Ovatio
303 1304 450 1338 Mosaica
477 1303 541 1338 fuit
568 1306 664 1350 quasi
692 1317 794 1351 paean
822 1308 1050 1352 posteriorum
1079 1306 1307 1341 Israelitarum
1352 1333 1359 1340 .

156 1375 235 1409 Loci
263 1374 395 1421 aliquot
420 1375 636 1410 illustrantur
653 1403 1533 1412 ................

153 1446 286 1481 Nullam
306 1446 453 1493 prodigii
472 1449 690 1482 astronomici
711 1449 743 1482 in
761 1449 890 1484 Josuae
912 1450 1051 1484 victoria
1071 1449 1350 1496 significationem
1371 1451 1534 1484 contineri

155 1518 304 1552 Scribam
331 1519 613 1561 Masorethicum,
646 1525 685 1553 ut
711 1519 945 1563 scholiastam‚
980 1522 1172 1555 citationem
1200 1533 1294 1555 suam
1322 1520 1408 1556 male
1433 1521 1533 1556 intel-

199 1589 325 1624 lexisse
363 1616 1126 1626 ..............
1150 1620 1152 1623 f
1178 1619 1532 1627 .......

151 1661 304 1696 Victoria
317 1655 444 1696 Josua'e
464 1662 606 1697 aJesaia
625 1674 699 1696 cum
714 1661 854 1696 Davidis
871 1662 911 1696 ad
926 1662 1173 1698 Baal-Prazim
1192 1676 1304 1711 pugna
1320 1671 1533 1711 comparatur

150 1733 351 1768 Habaeucus
379 1733 460 1780 quid
488 1733 660 1768 voluerit?
707 1759 1530 1771 ...............

151 1806 183 1840 J.
202 1805 239 1839 D.
257 1804 432 1840 Michaelis
460 1807 658 1840 sententiam
685 1805 881 1851 proferebat
907 1805 1114 1853 singularem
1173 1833 1529 1842 .......

151 1876 324 1923 Josephus
352 1884 385 1911 et
411 1877 603 1912 Sirachides
632 1877 714 1923 quid
740 1876 969 1912 intellexerint
999 1904 1531 1914 ..........

152 1948 331 1983 Tralatitia
357 1949 588 1995 interpretatio
617 1961 715 1995 quam
744 1950 788 1983 sit
815 1949 962 1983 absurda
999 1976 1530 1985 ..........

151 2021 235 2055 Mira
262 2021 510 2054 concionatoris
537 2020 639 2067 Angli
667 2020 859 2065 conjectura
882 2045 1528 2056 ............

151 2091 351 2137 Exagitatur
378 2091 574 2136 Gumpachii
603 2090 782 2136 explicatio
822 2116 1527 2128 .............

153 2161 304 2204 Quonam
333 2168 426 2207 pacto
456 2173 584 2196 carmen
604 2162 828 2196 Jasharanum
849 2162 889 2197 dc
906 2163 1036 2197 Josuae
1054 2163 1226 2209 triumpho
1246 2166 1400 2199 resarciri
1419 2167 1530 2211 possit

151 2233 276 2268 Psalmi
295 2233 472 2276 CXXXV,
500 2234 683 2268 CXXXVI
710 2234 806 2275 inde,
835 2240 871 2268 ut
896 2234 1041 2276 videtur,
1069 2235 1203 2269 conflati
1231 2262 1527 2271 ......

149 2304 256 2339 Multa
284 2316 357 2339 esse
384 2306 416 2338 in
443 2304 530 2339 libro
557 2305 686 2340 Josuae
713 2305 870 2351 perplexa
897 2311 929 2340 et
956 2305 1097 2341 confusa
1112 2333 1528 2343 ........

150 2376 238 2418 Quid
257 2376 427 2410 Artburus
447 2377 585 2423 Ilervey
612 2376 652 2411 de
678 2382 868 2423 temporum
895 2378 1026 2412 ratione
1053 2379 1085 2411 in
1112 2378 1208 2413 libris
1227 2379 1356 2414 Josuae
1379 2385 1410 2414 et
1427 2380 1528 2415 Judi-

1586 257 1659 280 PAG.

1589 379 1656 416 231

1590 450 1656 486 231

1589 520 1656 557 231

1589 736 1656 772 241

1587 808 1658 843 242

1587 879 1659 914 242

1587 949 1657 985 243

1585 1092 1656 1128 244

1585 1164 1655 1199 245

1584 1235 1654 1270 246

1527 1335 1533 1341 .
1583 1305 1654 1342 247

1583 1377 1654 1414 248

1583 1449 1653 1485 249

1582 1592 1653 1629 250

1581 1665 1653 1701 250

1581 1736 1649 1772 251

1580 1808 1651 1843 252

1581 1880 1651 1915 252

1580 1951 1650 1988 253

1578 2021 1649 2059 253

1577 2093 1648 2130 253

1578 2166 1648 2202 255

1577 2237 1647 2273 256

1578 2308 1649 2345 257

196 2459 269 2482 cum
299 2449 454 2482 statuerit
473 2474 1527 2486 ...................
1576 2452 1648 2488 258

147 2519 324 2561 Ehudum,
354 2519 558 2561 ffideonem,
585 2519 765 2566 Jepbtbam
794 2532 938 2555 coaevos
966 2520 1073 2556 fuisse
1112 2548 1526 2558 ........
1576 2523 1647 2560 259

148 2591 265 2624 Annos
293 2591 467 2625 dumtaxat
493 2591 613 2625 CCXL
640 2593 726 2626 inter
752 2592 895 2626 Josuam
924 2598 955 2627 et
982 2592 1123 2628 Saulum
1151 2595 1410 2629 intercessisse.
1462 2622 1468 2628 .
1519 2622 1526 2630 .
1575 2595 1647 2632 260

151 2661 255 2696 Index
281 2674 390 2696 rerum
418 2668 588 2709 gestarum
617 2663 881 2710 chronologicus
939 2690 1526 2701 ...........
1576 2667 1647 2702 260

149 2732 358 2768 Palaestinae
386 2734 533 2769 conditio
562 2735 624 2769 sub
653 2735 766 2770 Sisrae
795 2735 1023 2770 dominatione
1054 2762 1525 2773 .........
1576 2738 1643 2774 261

149 2803 242 2839 Sisra
274 2812 473 2851 procurator
508 2806 588 2849 fuit,
624 2809 681 2853 qui
715 2809 899 2842 mixtorum
931 2808 1106 2842 bominum
1133 2809 1338 2854 provinciam
1367 2811 1526 2856 principis

195 2877 329 2912 nomine
356 2877 609 2913 administrabat
647 2905 1523 2915 ................
