1867 3301
783 221 884 269 289

86 363 162 407 Ubi
195 366 308 405 etiam
341 371 504 420 apparet
536 364 597 404 eui
629 366 720 405 usui
754 363 935 404 destinati
965 371 1094 404 essent
1117 362 1211 404 tales
1243 360 1411 411 πέπλοι,
1444 376 1583 418 nempe

85 447 313 489 mulieribus
355 455 392 488 et
432 446 603 497 deabus,
652 463 734 488 non
780 449 871 488 item
912 446 1153 488 hominibus.
1224 445 1276 487 Et
1316 460 1437 503 quum
1481 445 1584 488 Cha-

84 531 273 572 roshetha
303 546 384 572 non
416 532 470 571 ita
501 531 618 587 longe
650 530 804 572 abesset
836 530 884 572 ab
908 530 1004 572 urbe
1028 529 1189 580 Sidone,
1223 528 1332 570 facile
1356 530 1582 571 crediderim

86 616 254 656 victores
285 614 479 656 Israelitas
520 614 662 655 multas
703 613 755 655 ibi
799 629 870 655 acu
902 616 1026 671 pietas
1059 622 1187 655 vestes
1227 615 1443 664 invenisse,
1485 628 1582 670 quas

85 700 186 739 inter
209 713 299 739 suas
323 697 483 739 seminas
500 697 708 754 Baraquus
731 698 873 755 aliique
897 697 1080 739 ductores
1103 696 1389 754 partiebantur.
1429 696 1583 738 Auctor

83 780 228 824 Psalmi
259 781 437 831 LXVIII,
474 783 540 838 qui
572 781 704 838 plures
737 783 864 822 nostri
899 780 1090 823 Carminis
1124 781 1233 822 locos
1266 783 1481 822 imitatione
1515 796 1583 822 ex-

83 867 246 921 pressit,
281 867 472 922 optimum
506 866 569 907 hic
601 867 921 907 commentarium
954 864 1238 906 subministrat.
1301 865 1357 906 Ita
1390 866 1490 906 enim
1523 864 1583 906 vel

85 947 132 989 de
171 948 245 990 hac
283 949 344 991 vel
385 949 431 991 de
472 950 546 991 alia
591 951 723 992 neseio
773 964 852 1006 qua
889 949 1152 992 Israelitarum
1191 950 1356 992 victoria
1405 948 1583 1005 loquitur

86 1028 167 1085 (vv.
195 1031 247 1074 12
264 1030 420 1087 -14);

167 1148 312 1197 ”Reges
335 1160 417 1185 cuin
440 1149 661 1186 exercitibus
684 1150 759 1186 suis
782 1147 940 1197 fugiunt,
964 1148 1129 1198 fugiunt!

163 1219 211 1255 Et.
232 1227 419 1257 matronae
442 1220 649 1257 domisedae
671 1220 843 1270 praedam
865 1222 1092 1270 partiuntur!

164 1292 316 1329 Etiamsi
340 1292 548 1329 domesticis
571 1300 678 1329 antea
698 1294 909 1329 ministeriis
932 1293 1138 1329 sordidatae
1162 1300 1275 1338 erant,

163 1363 282 1400 Hodie
305 1364 560 1413 deargentatae
583 1373 667 1401 sunt
691 1372 726 1401 et
749 1364 954 1410 deauratae,
977 1367 1072 1401 sicut
1094 1364 1346 1402 columbarum
1369 1376 1520 1415 pennae.

166 1435 283 1478 Quum
306 1448 434 1485 regum
456 1437 507 1473 ibi
531 1438 652 1486 copias
676 1436 888 1486 dissipasset
911 1438 1161 1486 Omnipotens,

167 1507 324 1546 Canduit
344 1520 584 1558 unaquaeque
606 1509 738 1545 mulier
759 1521 825 1546 eeu
848 1510 912 1546 nix
933 1510 971 1545 in
995 1509 1204 1546 Tsalmonis
1226 1509 1394 1545 verne-eu

86 1617 197 1661 Unde
229 1619 427 1669 videmus,
469 1633 585 1676 quam
618 1620 776 1677 prolixa
808 1634 877 1677 spe
909 1629 1059 1662 veteres
1092 1619 1146 1661 illi
1176 1619 1372 1661 Israelitae
1404 1619 1582 1662 futurum

84 1704 269 1744 victoriae
299 1711 537 1760 proventum
577 1703 832 1760 contemplari
872 1704 1055 1746 solerent.
1120 1702 1238 1757 Quod
1270 1712 1400 1745 autem
1430 1704 1581 1747 Psaltes

83 1786 146 1828 ille
177 1785 343 1844 praedae
382 1789 633 1843 partitionem
673 1790 786 1844 quasi
825 1788 1012 1829 historice
1050 1786 1254 1838 describit,
1296 1787 1453 1829 Debora
1485 1803 1580 1830 vero

83 1872 212 1913 irritas
244 1871 417 1912 hostium
452 1872 658 1927 opiniones
690 1870 846 1922 irridet,
890 1872 1052 1912 similem
1091 1870 1280 1913 habemus
1318 1873 1581 1913 inversionem

84 1957 123 1996 in
154 1961 293 1996 nostro
329 1952 508 1997 Carmine
549 1970 585 1995 v.
613 1953 686 1997 19:
729 1955 960 1997 »Venerunt
997 1970 1108 2012 reges
1147 1964 1185 1997 et
1222 1964 1472 2013 pugnarunt,
1513 1956 1581 1997 sed

83 2053 131 2080 ne
171 2037 382 2080 frustulum
423 2038 579 2095 quidem
621 2040 771 2096 argenti
814 2039 954 2080 lucrati
1002 2048 1142 2090 sunt«,
1191 2055 1264 2096 pro
1314 2054 1394 2096 quo
1434 2039 1581 2081 Psalmi

85 2131 222 2164 auctor
253 2121 402 2180 absque
435 2125 540 2164 omni
571 2125 781 2180 negatione
814 2122 989 2165 devictos
1019 2122 1154 2165 hostes
1176 2125 1328 2180 argenti
1349 2122 1475 2166 frusta
1506 2138 1580 2179 pro

84 2205 234 2249 tributo
268 2206 462 2249 submisse
493 2214 737 2263 praestantes
771 2206 922 2249 inducit
954 2203 1008 2261 (v.
1033 2204 1119 2261 31).

1259 3040 1302 3077 19
