<?xml version="1.0" encoding="UTF-8"?>
<!DOCTYPE html PUBLIC "-//W3C//DTD XHTML 1.0 Transitional//EN"
    "http://www.w3.org/TR/xhtml1/DTD/xhtml1-transitional.dtd">
<html xmlns="http://www.w3.org/1999/xhtml" xml:lang="en" lang="en">
 <head>
  <title>
</title>
<meta http-equiv="Content-Type" content="text/html;charset=utf-8" />
  <meta name='ocr-system' content='tesseract 3.04.00' />
  <meta name='ocr-capabilities' content='ocr_page ocr_carea ocr_par ocr_line ocrx_word'/>
</head>
<body>
  <div class='ocr_page' id='page_1' title='image "./jasharfragmentaa00dona_0115.png"; bbox 0 0 1867 3301; ppageno 0'>
   <div class='ocr_carea' id='block_1_1' title="bbox 114 334 1605 1975">
    <p class='ocr_par' dir='ltr' id='par_1_1' title="bbox 114 334 1605 793">
     <span class='ocr_line' id='line_1_1' title="bbox 356 334 1603 392; baseline 0.001 -16"><span class='ocrx_word' id='word_1_1' title='bbox 356 335 621 377; x_wconf 86' lang='lat' dir='ltr'>Nihilominus</span> <span class='ocrx_word' id='word_1_2' title='bbox 653 336 781 376; x_wconf 89' lang='lat' dir='ltr'>mariti</span> <span class='ocrx_word' id='word_1_3' title='bbox 817 336 871 375; x_wconf 86' lang='lat' dir='ltr'>tui</span> <span class='ocrx_word' id='word_1_4' title='bbox 904 334 1228 378; x_wconf 86' lang='lat' dir='ltr'>consuetudinem</span> <span class='ocrx_word' id='word_1_5' title='bbox 1261 335 1390 377; x_wconf 86' lang='lat' dir='ltr'>denuo</span> <span class='ocrx_word' id='word_1_6' title='bbox 1425 345 1603 392; x_wconf 85' lang='lat' dir='ltr'>appetes,</span> 
     </span>
     <span class='ocr_line' id='line_1_2' title="bbox 356 417 949 475; baseline -0.002 -16"><span class='ocrx_word' id='word_1_7' title='bbox 356 420 469 475; x_wconf 88' lang='lat' dir='ltr'>Isque</span> <span class='ocrx_word' id='word_1_8' title='bbox 501 421 538 459; x_wconf 87' lang='lat' dir='ltr'>in</span> <span class='ocrx_word' id='word_1_9' title='bbox 572 427 609 459; x_wconf 90' lang='lat' dir='ltr'>te</span> <span class='ocrx_word' id='word_1_10' title='bbox 642 417 949 459; x_wconf 82' lang='lat' dir='ltr'>dominabitur.«</span> 
     </span>
     <span class='ocr_line' id='line_1_3' title="bbox 114 500 1604 558; baseline 0 -16"><span class='ocrx_word' id='word_1_11' title='bbox 114 511 324 548; x_wconf 78' lang='lat' dir='ltr'>Gen.lll.[17}</span> <span class='ocrx_word' id='word_1_12' title='bbox 358 502 535 558; x_wconf 87' lang='lat' dir='ltr'>Denique</span> <span class='ocrx_word' id='word_1_13' title='bbox 575 501 725 542; x_wconf 91' lang='lat' dir='ltr'>homini</span> <span class='ocrx_word' id='word_1_14' title='bbox 765 500 883 542; x_wconf 80' lang='lat' dir='ltr'>dixit:</span> <span class='ocrx_word' id='word_1_15' title='bbox 933 500 1156 554; x_wconf 79' lang='lat' dir='ltr'>»Quoniam</span> <span class='ocrx_word' id='word_1_16' title='bbox 1195 503 1335 542; x_wconf 78' lang='lat' dir='ltr'>uxoris</span> <span class='ocrx_word' id='word_1_17' title='bbox 1376 509 1464 542; x_wconf 90' lang='lat' dir='ltr'>tuae</span> <span class='ocrx_word' id='word_1_18' title='bbox 1502 500 1604 542; x_wconf 87' lang='lat' dir='ltr'>dieto</span> 
     </span>
     <span class='ocr_line' id='line_1_4' title="bbox 968 583 1325 634; baseline 0.003 -10"><span class='ocrx_word' id='word_1_19' title='bbox 968 583 1153 626; x_wconf 88' lang='lat' dir='ltr'>obediens</span> <span class='ocrx_word' id='word_1_20' title='bbox 1187 584 1325 634; x_wconf 83' lang='lat' dir='ltr'>fueris,</span> 
     </span>
     <span class='ocr_line' id='line_1_5' title="bbox 354 666 1605 724; baseline -0.001 -15"><span class='ocrx_word' id='word_1_21' title='bbox 354 667 404 709; x_wconf 88' lang='lat' dir='ltr'>Et</span> <span class='ocrx_word' id='word_1_22' title='bbox 436 667 482 709; x_wconf 91' lang='lat' dir='ltr'>de</span> <span class='ocrx_word' id='word_1_23' title='bbox 514 666 654 708; x_wconf 88' lang='lat' dir='ltr'>arbore</span> <span class='ocrx_word' id='word_1_24' title='bbox 688 666 921 717; x_wconf 89' lang='lat' dir='ltr'>comederis,</span> <span class='ocrx_word' id='word_1_25' title='bbox 957 669 1069 723; x_wconf 89' lang='lat' dir='ltr'>eujus</span> <span class='ocrx_word' id='word_1_26' title='bbox 1102 668 1173 709; x_wconf 90' lang='lat' dir='ltr'>tibi</span> <span class='ocrx_word' id='word_1_27' title='bbox 1205 683 1321 709; x_wconf 91' lang='lat' dir='ltr'>usum</span> <span class='ocrx_word' id='word_1_28' title='bbox 1351 676 1468 724; x_wconf 86' lang='lat' dir='ltr'>atque</span> <span class='ocrx_word' id='word_1_29' title='bbox 1497 681 1605 709; x_wconf 91' lang='lat' dir='ltr'>esum</span> 
     </span>
     <span class='ocr_line' id='line_1_6' title="bbox 965 750 1434 793; baseline 0.002 -2"><span class='ocrx_word' id='word_1_30' title='bbox 965 750 1107 793; x_wconf 78' lang='lat' dir='ltr'>diserte</span> <span class='ocrx_word' id='word_1_31' title='bbox 1139 751 1434 792; x_wconf 78' lang='lat' dir='ltr'>interdixeram:</span> 
     </span>
    </p>

    <p class='ocr_par' dir='ltr' id='par_1_2' title="bbox 354 832 1395 975">
     <span class='ocr_line' id='line_1_7' title="bbox 354 832 989 891; baseline 0.003 -17"><span class='ocrx_word' id='word_1_32' title='bbox 354 832 492 875; x_wconf 75' lang='lat' dir='ltr'>Infelix</span> <span class='ocrx_word' id='word_1_33' title='bbox 524 836 574 874; x_wconf 88' lang='lat' dir='ltr'>sit</span> <span class='ocrx_word' id='word_1_34' title='bbox 605 842 709 875; x_wconf 85' lang='lat' dir='ltr'>terra</span> <span class='ocrx_word' id='word_1_35' title='bbox 740 843 905 891; x_wconf 85' lang='lat' dir='ltr'>propter</span> <span class='ocrx_word' id='word_1_36' title='bbox 939 835 989 876; x_wconf 85' lang='lat' dir='ltr'>tel</span> 
     </span>
     <span class='ocr_line' id='line_1_8' title="bbox 356 915 1395 975; baseline 0.002 -18"><span class='ocrx_word' id='word_1_37' title='bbox 356 915 456 958; x_wconf 86' lang='lat' dir='ltr'>Cum</span> <span class='ocrx_word' id='word_1_38' title='bbox 489 916 625 959; x_wconf 86' lang='lat' dir='ltr'>dolore</span> <span class='ocrx_word' id='word_1_39' title='bbox 659 918 836 959; x_wconf 77' lang='lat' dir='ltr'>comedes</span> <span class='ocrx_word' id='word_1_40' title='bbox 869 933 918 959; x_wconf 82' lang='lat' dir='ltr'>ex</span> <span class='ocrx_word' id='word_1_41' title='bbox 950 933 1012 968; x_wconf 86' lang='lat' dir='ltr'>ea,</span> <span class='ocrx_word' id='word_1_42' title='bbox 1047 917 1236 975; x_wconf 83' lang='lat' dir='ltr'>quamdiu</span> <span class='ocrx_word' id='word_1_43' title='bbox 1267 919 1395 959; x_wconf 80' lang='lat' dir='ltr'>vives:</span> 
     </span>
    </p>

    <p class='ocr_par' dir='ltr' id='par_1_3' title="bbox 258 999 1603 1140">
     <span class='ocr_line' id='line_1_9' title="bbox 258 999 1140 1058; baseline 0.006 -21"><span class='ocrx_word' id='word_1_44' title='bbox 258 1009 322 1045; x_wconf 80' lang='lat'>[18]</span> <span class='ocrx_word' id='word_1_45' title='bbox 358 999 520 1057; x_wconf 84' lang='lat' dir='ltr'>Spinam</span> <span class='ocrx_word' id='word_1_46' title='bbox 553 1010 591 1042; x_wconf 88' lang='lat' dir='ltr'>et</span> <span class='ocrx_word' id='word_1_47' title='bbox 621 1000 811 1042; x_wconf 87' lang='lat' dir='ltr'>tribulum</span> <span class='ocrx_word' id='word_1_48' title='bbox 842 1000 912 1042; x_wconf 87' lang='lat' dir='ltr'>tibi</span> <span class='ocrx_word' id='word_1_49' title='bbox 945 1000 1140 1058; x_wconf 84' lang='lat' dir='ltr'>proferet,</span> 
     </span>
     <span class='ocr_line' id='line_1_10' title="bbox 355 1081 1603 1140; baseline 0.002 -17"><span class='ocrx_word' id='word_1_50' title='bbox 355 1083 486 1139; x_wconf 84' lang='lat' dir='ltr'>Atque</span> <span class='ocrx_word' id='word_1_51' title='bbox 520 1086 573 1124; x_wconf 85' lang='lat' dir='ltr'>ita</span> <span class='ocrx_word' id='word_1_52' title='bbox 607 1081 647 1136; x_wconf 91' lang='lat' dir='ltr'>(i.</span> <span class='ocrx_word' id='word_1_53' title='bbox 672 1099 704 1125; x_wconf 91' lang='lat' dir='ltr'>e.</span> <span class='ocrx_word' id='word_1_54' title='bbox 738 1085 805 1126; x_wconf 88' lang='lat' dir='ltr'>tali</span> <span class='ocrx_word' id='word_1_55' title='bbox 829 1099 914 1125; x_wconf 85' lang='lat' dir='ltr'>cum</span> <span class='ocrx_word' id='word_1_56' title='bbox 937 1081 1132 1137; x_wconf 87' lang='lat' dir='ltr'>molestia)</span> <span class='ocrx_word' id='word_1_57' title='bbox 1164 1082 1296 1125; x_wconf 89' lang='lat' dir='ltr'>herbis</span> <span class='ocrx_word' id='word_1_58' title='bbox 1319 1086 1402 1140; x_wconf 81' lang='lat' dir='ltr'>agri</span> <span class='ocrx_word' id='word_1_59' title='bbox 1425 1087 1603 1126; x_wconf 84' lang='lat' dir='ltr'>vesceris.</span> 
     </span>
    </p>

    <p class='ocr_par' dir='ltr' id='par_1_4' title="bbox 258 1165 1518 1391">
     <span class='ocr_line' id='line_1_11' title="bbox 258 1165 1473 1224; baseline 0.003 -20"><span class='ocrx_word' id='word_1_60' title='bbox 258 1176 322 1211; x_wconf 83' lang='lat'>[19]</span> <span class='ocrx_word' id='word_1_61' title='bbox 358 1165 456 1208; x_wconf 90' lang='lat' dir='ltr'>Cum</span> <span class='ocrx_word' id='word_1_62' title='bbox 491 1167 625 1208; x_wconf 80' lang='lat' dir='ltr'>vultus</span> <span class='ocrx_word' id='word_1_63' title='bbox 658 1169 715 1208; x_wconf 92' lang='lat' dir='ltr'>tui</span> <span class='ocrx_word' id='word_1_64' title='bbox 748 1167 893 1210; x_wconf 88' lang='lat' dir='ltr'>sudore</span> <span class='ocrx_word' id='word_1_65' title='bbox 925 1170 1071 1209; x_wconf 81' lang='lat' dir='ltr'>victum</span> <span class='ocrx_word' id='word_1_66' title='bbox 1103 1166 1175 1208; x_wconf 83' lang='lat' dir='ltr'>tibi</span> <span class='ocrx_word' id='word_1_67' title='bbox 1208 1167 1473 1224; x_wconf 83' lang='lat' dir='ltr'>comparabis,</span> 
     </span>
     <span class='ocr_line' id='line_1_12' title="bbox 355 1250 1518 1308; baseline 0.001 -17"><span class='ocrx_word' id='word_1_68' title='bbox 355 1250 490 1291; x_wconf 85' lang='lat' dir='ltr'>Donec</span> <span class='ocrx_word' id='word_1_69' title='bbox 521 1253 560 1291; x_wconf 92' lang='lat' dir='ltr'>in</span> <span class='ocrx_word' id='word_1_70' title='bbox 593 1259 756 1300; x_wconf 87' lang='lat' dir='ltr'>terram,</span> <span class='ocrx_word' id='word_1_71' title='bbox 790 1266 840 1292; x_wconf 80' lang='lat' dir='ltr'>ex</span> <span class='ocrx_word' id='word_1_72' title='bbox 872 1266 949 1308; x_wconf 85' lang='lat' dir='ltr'>qua</span> <span class='ocrx_word' id='word_1_73' title='bbox 982 1259 1163 1307; x_wconf 88' lang='lat' dir='ltr'>sumptus</span> <span class='ocrx_word' id='word_1_74' title='bbox 1196 1266 1256 1300; x_wconf 85' lang='lat' dir='ltr'>es,</span> <span class='ocrx_word' id='word_1_75' title='bbox 1290 1253 1518 1301; x_wconf 81' lang='lat' dir='ltr'>revertaris,</span> 
     </span>
     <span class='ocr_line' id='line_1_13' title="bbox 352 1331 1383 1391; baseline 0.002 -18"><span class='ocrx_word' id='word_1_76' title='bbox 352 1331 451 1374; x_wconf 85' lang='lat' dir='ltr'>Nam</span> <span class='ocrx_word' id='word_1_77' title='bbox 482 1334 613 1390; x_wconf 85' lang='lat' dir='ltr'>pulvis</span> <span class='ocrx_word' id='word_1_78' title='bbox 647 1349 707 1383; x_wconf 84' lang='lat' dir='ltr'>es,</span> <span class='ocrx_word' id='word_1_79' title='bbox 742 1342 859 1390; x_wconf 87' lang='lat' dir='ltr'>atque</span> <span class='ocrx_word' id='word_1_80' title='bbox 892 1336 931 1375; x_wconf 89' lang='lat' dir='ltr'>in</span> <span class='ocrx_word' id='word_1_81' title='bbox 963 1335 1164 1391; x_wconf 83' lang='lat' dir='ltr'>pulverem</span> <span class='ocrx_word' id='word_1_82' title='bbox 1194 1333 1383 1376; x_wconf 59' lang='lat' dir='ltr'>redibis«</span> 
     </span>
    </p>

    <p class='ocr_par' dir='ltr' id='par_1_5' title="bbox 257 1416 1512 1557">
     <span class='ocr_line' id='line_1_14' title="bbox 257 1416 1512 1475; baseline 0.004 -21"><span class='ocrx_word' id='word_1_83' title='bbox 257 1426 321 1462; x_wconf 84' lang='lat'>[21]</span> <span class='ocrx_word' id='word_1_84' title='bbox 357 1417 461 1458; x_wconf 90' lang='lat' dir='ltr'>Tum</span> <span class='ocrx_word' id='word_1_85' title='bbox 493 1416 582 1458; x_wconf 77' lang='lat' dir='ltr'>feeit</span> <span class='ocrx_word' id='word_1_86' title='bbox 612 1417 765 1458; x_wconf 80' lang='lat' dir='ltr'>Jehova</span> <span class='ocrx_word' id='word_1_87' title='bbox 797 1417 903 1458; x_wconf 84' lang='lat' dir='ltr'>Deus</span> <span class='ocrx_word' id='word_1_88' title='bbox 936 1418 1086 1459; x_wconf 87' lang='lat' dir='ltr'>homini</span> <span class='ocrx_word' id='word_1_89' title='bbox 1118 1426 1235 1475; x_wconf 86' lang='lat' dir='ltr'>atque</span> <span class='ocrx_word' id='word_1_90' title='bbox 1267 1420 1387 1460; x_wconf 77' lang='lat' dir='ltr'>uxori</span> <span class='ocrx_word' id='word_1_91' title='bbox 1420 1433 1512 1459; x_wconf 87' lang='lat' dir='ltr'>suae</span> 
     </span>
     <span class='ocr_line' id='line_1_15' title="bbox 353 1501 1131 1557; baseline 0.001 -16"><span class='ocrx_word' id='word_1_92' title='bbox 353 1501 526 1541; x_wconf 84' lang='lat' dir='ltr'>Tunicas</span> <span class='ocrx_word' id='word_1_93' title='bbox 556 1501 756 1557; x_wconf 88' lang='lat' dir='ltr'>pelliceas,</span> <span class='ocrx_word' id='word_1_94' title='bbox 792 1510 829 1542; x_wconf 90' lang='lat' dir='ltr'>et</span> <span class='ocrx_word' id='word_1_95' title='bbox 861 1503 1020 1542; x_wconf 88' lang='lat' dir='ltr'>vestivit</span> <span class='ocrx_word' id='word_1_96' title='bbox 1052 1516 1131 1542; x_wconf 67' lang='grc' dir='ltr'>θος.</span> 
     </span>
    </p>

    <p class='ocr_par' dir='ltr' id='par_1_6' title="bbox 255 1583 1604 1725">
     <span class='ocr_line' id='line_1_16' title="bbox 255 1583 1604 1641; baseline 0.004 -20"><span class='ocrx_word' id='word_1_97' title='bbox 255 1593 320 1628; x_wconf 83' lang='lat'>[23]</span> <span class='ocrx_word' id='word_1_98' title='bbox 354 1583 453 1625; x_wconf 88' lang='lat' dir='ltr'>Dein</span> <span class='ocrx_word' id='word_1_99' title='bbox 473 1583 624 1625; x_wconf 82' lang='lat' dir='ltr'>Jehova</span> <span class='ocrx_word' id='word_1_100' title='bbox 641 1584 747 1626; x_wconf 89' lang='lat' dir='ltr'>Deus</span> <span class='ocrx_word' id='word_1_101' title='bbox 771 1585 924 1641; x_wconf 78' lang='lat' dir='ltr'>expulit</span> <span class='ocrx_word' id='word_1_102' title='bbox 945 1585 1141 1625; x_wconf 89' lang='lat' dir='ltr'>hominem</span> <span class='ocrx_word' id='word_1_103' title='bbox 1166 1599 1216 1625; x_wconf 79' lang='lat' dir='ltr'>ex</span> <span class='ocrx_word' id='word_1_104' title='bbox 1237 1585 1355 1626; x_wconf 89' lang='lat' dir='ltr'>horto</span> <span class='ocrx_word' id='word_1_105' title='bbox 1380 1585 1604 1627; x_wconf 83' lang='lat' dir='ltr'>deliciarum</span> 
     </span>
     <span class='ocr_line' id='line_1_17' title="bbox 351 1667 1355 1725; baseline 0.001 -17"><span class='ocrx_word' id='word_1_106' title='bbox 351 1667 415 1708; x_wconf 91' lang='lat' dir='ltr'>Ad</span> <span class='ocrx_word' id='word_1_107' title='bbox 449 1667 650 1709; x_wconf 86' lang='lat' dir='ltr'>colendam</span> <span class='ocrx_word' id='word_1_108' title='bbox 681 1676 823 1710; x_wconf 85' lang='lat' dir='ltr'>terram</span> <span class='ocrx_word' id='word_1_109' title='bbox 855 1683 905 1710; x_wconf 79' lang='lat' dir='ltr'>ex</span> <span class='ocrx_word' id='word_1_110' title='bbox 937 1682 1015 1725; x_wconf 88' lang='lat' dir='ltr'>qua</span> <span class='ocrx_word' id='word_1_111' title='bbox 1047 1676 1228 1725; x_wconf 86' lang='lat' dir='ltr'>sumptus</span> <span class='ocrx_word' id='word_1_112' title='bbox 1262 1677 1355 1709; x_wconf 88' lang='lat' dir='ltr'>erat.</span> 
     </span>
    </p>

    <p class='ocr_par' dir='ltr' id='par_1_7' title="bbox 252 1749 1603 1975">
     <span class='ocr_line' id='line_1_18' title="bbox 252 1749 1603 1807; baseline -0.002 -11"><span class='ocrx_word' id='word_1_113' title='bbox 252 1759 316 1795; x_wconf 82' lang='lat'>[24]</span> <span class='ocrx_word' id='word_1_114' title='bbox 352 1749 432 1792; x_wconf 86' lang='lat' dir='ltr'>Sed</span> <span class='ocrx_word' id='word_1_115' title='bbox 463 1752 629 1807; x_wconf 82' lang='lat' dir='ltr'>expulso</span> <span class='ocrx_word' id='word_1_116' title='bbox 663 1751 821 1793; x_wconf 88' lang='lat' dir='ltr'>homine</span> <span class='ocrx_word' id='word_1_117' title='bbox 854 1751 1062 1793; x_wconf 85' lang='lat' dir='ltr'>collocavit</span> <span class='ocrx_word' id='word_1_118' title='bbox 1085 1760 1173 1793; x_wconf 85' lang='lat' dir='ltr'>ante</span> <span class='ocrx_word' id='word_1_119' title='bbox 1195 1752 1355 1793; x_wconf 87' lang='lat' dir='ltr'>hortum</span> <span class='ocrx_word' id='word_1_120' title='bbox 1379 1751 1603 1794; x_wconf 86' lang='lat' dir='ltr'>deliciarum</span> 
     </span>
     <span class='ocr_line' id='line_1_19' title="bbox 350 1833 1396 1893; baseline 0.002 -19"><span class='ocrx_word' id='word_1_121' title='bbox 350 1833 528 1890; x_wconf 88' lang='lat' dir='ltr'>Rapidos</span> <span class='ocrx_word' id='word_1_122' title='bbox 561 1843 700 1876; x_wconf 86' lang='lat' dir='ltr'>ventos</span> <span class='ocrx_word' id='word_1_123' title='bbox 734 1844 772 1876; x_wconf 89' lang='lat' dir='ltr'>et</span> <span class='ocrx_word' id='word_1_124' title='bbox 801 1836 995 1876; x_wconf 89' lang='lat' dir='ltr'>flammam</span> <span class='ocrx_word' id='word_1_125' title='bbox 1028 1835 1223 1877; x_wconf 88' lang='lat' dir='ltr'>versatilis</span> <span class='ocrx_word' id='word_1_126' title='bbox 1255 1835 1396 1893; x_wconf 79' lang='lat' dir='ltr'>gladii,</span> 
     </span>
     <span class='ocr_line' id='line_1_20' title="bbox 351 1915 1601 1975; baseline 0.002 -17"><span class='ocrx_word' id='word_1_127' title='bbox 351 1915 403 1958; x_wconf 89' lang='lat' dir='ltr'>Ut</span> <span class='ocrx_word' id='word_1_128' title='bbox 434 1917 678 1959; x_wconf 83' lang='lat' dir='ltr'>custodirent</span> <span class='ocrx_word' id='word_1_129' title='bbox 709 1920 830 1968; x_wconf 87' lang='lat' dir='ltr'>viam,</span> <span class='ocrx_word' id='word_1_130' title='bbox 872 1933 972 1975; x_wconf 88' lang='lat' dir='ltr'>quae</span> <span class='ocrx_word' id='word_1_131' title='bbox 1005 1919 1056 1959; x_wconf 88' lang='lat' dir='ltr'>ad</span> <span class='ocrx_word' id='word_1_132' title='bbox 1087 1918 1268 1961; x_wconf 85' lang='lat' dir='ltr'>arborem</span> <span class='ocrx_word' id='word_1_133' title='bbox 1299 1920 1601 1961; x_wconf 85' lang='lat' dir='ltr'>immortalitatis</span> 
     </span>
    </p>
   </div>
   <div class='ocr_carea' id='block_1_2' title="bbox 961 2001 1158 2043">
    <p class='ocr_par' dir='ltr' id='par_1_8' title="bbox 961 2001 1158 2043">
     <span class='ocr_line' id='line_1_21' title="bbox 961 2001 1158 2043; baseline 0.005 -1"><span class='ocrx_word' id='word_1_134' title='bbox 961 2001 1158 2043; x_wconf 84' lang='lat' dir='ltr'>conducit.</span> 
     </span>
    </p>
   </div>
   <div class='ocr_carea' id='block_1_3' title="bbox 164 2342 1543 2423">
    <p class='ocr_par' dir='ltr' id='par_1_9' title="bbox 164 2342 1543 2423">
     <span class='ocr_line' id='line_1_22' title="bbox 164 2342 1543 2423; baseline 0.004 -24"><span class='ocrx_word' id='word_1_135' title='bbox 164 2342 717 2402; x_wconf 85' lang='lat' dir='ltr'><strong>COMMENTARIUS</strong></span> <span class='ocrx_word' id='word_1_136' title='bbox 763 2346 831 2402; x_wconf 92' lang='lat' dir='ltr'>IN</span> <span class='ocrx_word' id='word_1_137' title='bbox 878 2345 1040 2402; x_wconf 82' lang='lat' dir='ltr'><strong>BINA</strong></span> <span class='ocrx_word' id='word_1_138' title='bbox 1083 2347 1543 2423; x_wconf 79' lang='lat' dir='ltr'><strong>FRAGMENTA.</strong></span> 
     </span>
    </p>
   </div>
   <div class='ocr_carea' id='block_1_4' title="bbox 98 2579 1599 2890">
    <p class='ocr_par' dir='ltr' id='par_1_10' title="bbox 98 2579 1599 2890">
     <span class='ocr_line' id='line_1_23' title="bbox 226 2579 1598 2639; baseline 0.004 -18"><span class='ocrx_word' id='word_1_139' title='bbox 226 2579 443 2637; x_wconf 88' lang='lat' dir='ltr'>Utrumque</span> <span class='ocrx_word' id='word_1_140' title='bbox 482 2580 741 2638; x_wconf 83' lang='lat' dir='ltr'>fragmentum</span> <span class='ocrx_word' id='word_1_141' title='bbox 789 2581 866 2624; x_wconf 84' lang='lat' dir='ltr'>fere</span> <span class='ocrx_word' id='word_1_142' title='bbox 907 2583 1043 2624; x_wconf 86' lang='lat' dir='ltr'>eodem</span> <span class='ocrx_word' id='word_1_143' title='bbox 1082 2584 1265 2639; x_wconf 84' lang='lat' dir='ltr'>pertinet.</span> <span class='ocrx_word' id='word_1_144' title='bbox 1327 2582 1458 2625; x_wconf 88' lang='lat' dir='ltr'>Ambo</span> <span class='ocrx_word' id='word_1_145' title='bbox 1499 2586 1598 2626; x_wconf 85' lang='lat' dir='ltr'>enim</span> 
     </span>
     <span class='ocr_line' id='line_1_24' title="bbox 105 2663 1599 2721; baseline 0.003 -17"><span class='ocrx_word' id='word_1_146' title='bbox 105 2663 344 2720; x_wconf 83' lang='lat' dir='ltr'>significant,</span> <span class='ocrx_word' id='word_1_147' title='bbox 386 2663 427 2704; x_wconf 90' lang='lat' dir='ltr'>id</span> <span class='ocrx_word' id='word_1_148' title='bbox 468 2665 577 2721; x_wconf 88' lang='lat' dir='ltr'>quod</span> <span class='ocrx_word' id='word_1_149' title='bbox 607 2664 843 2707; x_wconf 83' lang='lat' dir='ltr'>Ecclesiasta</span> <span class='ocrx_word' id='word_1_150' title='bbox 880 2666 1091 2707; x_wconf 84' lang='lat' dir='ltr'>declaravit</span> <span class='ocrx_word' id='word_1_151' title='bbox 1123 2663 1177 2719; x_wconf 84' lang='lat' dir='ltr'>(V</span> <span class='ocrx_word' id='word_1_152' title='bbox 1178 2667 1228 2715; x_wconf 88' lang='grc' dir='ltr'>ΙΙ,</span> <span class='ocrx_word' id='word_1_153' title='bbox 1253 2664 1357 2719; x_wconf 91' lang='lat' dir='ltr'>fin.)‚</span> <span class='ocrx_word' id='word_1_154' title='bbox 1401 2667 1599 2709; x_wconf 89' lang='lat' dir='ltr'>hominem</span> 
     </span>
     <span class='ocr_line' id='line_1_25' title="bbox 98 2743 1599 2814; baseline 0.003 -28"><span class='ocrx_word' id='word_1_155' title='bbox 98 2747 279 2802; x_wconf 77' lang='lat' dir='ltr'>probum</span> <span class='ocrx_word' id='word_1_156' title='bbox 309 2743 436 2814; x_wconf 50' lang='grc' dir='ltr'>(Ἶῖᾷἒ)</span> <span class='ocrx_word' id='word_1_157' title='bbox 471 2762 553 2789; x_wconf 89' lang='lat' dir='ltr'>esse</span> <span class='ocrx_word' id='word_1_158' title='bbox 586 2747 750 2798; x_wconf 87' lang='lat' dir='ltr'>factum,</span> <span class='ocrx_word' id='word_1_159' title='bbox 785 2750 854 2791; x_wconf 84' lang='lat' dir='ltr'>scd</span> <span class='ocrx_word' id='word_1_160' title='bbox 884 2765 954 2805; x_wconf 87' lang='lat' dir='ltr'>per</span> <span class='ocrx_word' id='word_1_161' title='bbox 987 2751 1342 2805; x_wconf 87' lang='lat' dir='ltr'>concupiscentiam</span> <span class='ocrx_word' id='word_1_162' title='bbox 1374 2758 1413 2791; x_wconf 83' lang='lat' dir='ltr'>et</span> <span class='ocrx_word' id='word_1_163' title='bbox 1442 2752 1599 2807; x_wconf 88' lang='lat' dir='ltr'>impiam</span> 
     </span>
     <span class='ocr_line' id='line_1_26' title="bbox 105 2816 1598 2890; baseline 0.003 -21"><span class='ocrx_word' id='word_1_164' title='bbox 105 2816 354 2870; x_wconf 85' lang='lat' dir='ltr'>ambitionem</span> <span class='ocrx_word' id='word_1_165' title='bbox 386 2831 508 2871; x_wconf 89' lang='lat' dir='ltr'>multa</span> <span class='ocrx_word' id='word_1_166' title='bbox 540 2830 589 2872; x_wconf 86' lang='lat' dir='ltr'>ad</span> <span class='ocrx_word' id='word_1_167' title='bbox 621 2846 731 2873; x_wconf 91' lang='lat' dir='ltr'>suam</span> <span class='ocrx_word' id='word_1_168' title='bbox 763 2835 970 2888; x_wconf 88' lang='lat' dir='ltr'>perniciem</span> <span class='ocrx_word' id='word_1_169' title='bbox 1003 2834 1162 2873; x_wconf 81' lang='lat' dir='ltr'>inventa</span> <span class='ocrx_word' id='word_1_170' title='bbox 1193 2835 1450 2890; x_wconf 78' lang='lat' dir='ltr'>excogitasse.</span> <span class='ocrx_word' id='word_1_171' title='bbox 1499 2832 1598 2875; x_wconf 89' lang='lat' dir='ltr'>Nam</span> 
     </span>
    </p>
   </div>
   <div class='ocr_carea' id='block_1_5' title="bbox 104 2911 1596 2972">
    <p class='ocr_par' dir='ltr' id='par_1_11' title="bbox 104 2911 1596 2972">
     <span class='ocr_line' id='line_1_27' title="bbox 104 2911 1596 2972; baseline 0.004 -20"><span class='ocrx_word' id='word_1_172' title='bbox 104 2914 214 2953; x_wconf 90' lang='lat' dir='ltr'>initio</span> <span class='ocrx_word' id='word_1_173' title='bbox 249 2911 392 2968; x_wconf 87' lang='lat' dir='ltr'>duplici</span> <span class='ocrx_word' id='word_1_174' title='bbox 425 2917 585 2955; x_wconf 86' lang='lat' dir='ltr'>materia</span> <span class='ocrx_word' id='word_1_175' title='bbox 617 2924 821 2957; x_wconf 86' lang='lat' dir='ltr'>concretus</span> <span class='ocrx_word' id='word_1_176' title='bbox 854 2924 913 2956; x_wconf 89' lang='lat' dir='ltr'>est</span> <span class='ocrx_word' id='word_1_177' title='bbox 937 2916 1077 2957; x_wconf 88' lang='lat' dir='ltr'>homo:</span> <span class='ocrx_word' id='word_1_178' title='bbox 1110 2916 1300 2972; x_wconf 67' lang='lat' dir='ltr'>Spiritum</span> <span class='ocrx_word' id='word_1_179' title='bbox 1321 2915 1461 2958; x_wconf 86' lang='lat' dir='ltr'>habuit</span> <span class='ocrx_word' id='word_1_180' title='bbox 1482 2932 1504 2958; x_wconf 93' lang='lat' dir='ltr'>a</span> <span class='ocrx_word' id='word_1_181' title='bbox 1526 2916 1596 2958; x_wconf 86' lang='lat' dir='ltr'>Dei</span> 
     </span>
    </p>
   </div>
  </div>
 </body>
</html>
