1867 3301
885 175 1072 249 „350

275 319 439 367 videret,
475 318 708 359 exclamasse
742 316 883 358 fertur:
919 319 1098 358 »utinam
1123 317 1182 358 vel
1214 332 1297 358 nox
1327 318 1387 358 vel
1408 318 1626 360 Bliicherus
1648 319 1764 361 nobis

274 401 545 442 subveniretl«
582 401 690 441 Hanc
722 402 1104 456 interpretationem,
1141 414 1257 456 quam
1290 403 1418 457 quivis
1442 402 1765 458 simplicissimam

274 499 356 527 esse
379 484 575 532 concedet,
605 483 835 524 obscuravit
855 483 982 524 scriba
1004 483 1305 533 Masorethicus,
1341 487 1406 540 qui
1430 486 1604 540 poeticae
1627 484 1765 527 dictio-

273 570 333 609 nis
379 570 581 624 imperitus
623 567 683 608 vel
731 581 846 608 coeco
895 566 1169 623 prodigiorum
1217 566 1348 608 studio
1390 567 1576 624 abreptus
1616 568 1765 610 addidit

276 651 421 692 »solem
468 652 507 691 in
554 649 682 690 medio
733 650 840 690 coelo
892 652 1064 699 stetisse,
1116 664 1183 690 nec
1232 650 1418 691 occidisse
1460 665 1530 707 per
1568 651 1668 692 diem
1706 654 1765 693 in-

275 734 471 791 tegruml«
519 732 636 787 Quod
677 735 708 773 si
748 735 802 773 ita
835 732 990 782 fuisset,
1033 724 1111 773 duo
1150 734 1334 774 miracula
1366 736 1403 774 in
1437 733 1568 775 cadem
1602 736 1765 776 victoria

274 817 512 859 conficienda
544 815 790 857 adhibuisset
823 815 1008 857 Summus
1042 816 1103 856 illc
1137 825 1253 872 atque
1279 816 1461 872 Optimus
1486 816 1661 865 Creator,
1697 821 1765 875 qui

273 901 370 942 nihil
391 903 473 942 sine
495 901 625 957 aliqua
647 914 762 940 causa
784 899 1009 940 faciundum
1033 908 1155 940 curat.
1198 899 1314 952 Quod
1337 914 1458 955 quum
1481 902 1562 941 sine
1585 902 1762 957 exemplo

274 993 393 1033 esset,
428 986 482 1024 ita
515 985 628 1025 etiam
663 985 768 1023 omni
802 982 930 1023 fructu
963 990 1121 1022 careret.
1168 981 1291 1039 Finge
1324 984 1424 1023 enim
1457 997 1637 1024 occasum
1670 985 1763 1026 solis

274 1069 370 1108 miro
413 1066 584 1123 quodam
626 1066 778 1107 divinae
827 1066 1026 1121 potentiae
1066 1067 1280 1106 ministerio
1321 1066 1473 1122 aliquot
1512 1067 1629 1108 horas
1669 1082 1764 1123 pro-

274 1159 454 1207 rogatum
496 1149 628 1190 fuisse.
695 1148 792 1202 Quis
830 1150 930 1189 inter
961 1147 1219 1205 pugnandum
1251 1149 1311 1189 vel
1343 1151 1580 1190 vincentium
1611 1150 1672 1192 vel
1705 1165 1764 1192 ce-

274 1234 446 1275 dentium
472 1234 575 1274 illam
603 1231 820 1289 crepusculi
843 1231 1142 1288 productionem
1165 1232 1528 1274 animadvertisset?
1558 1232 1642 1274 Nisi
1663 1233 1763 1275 sorte

271 1326 388 1374 putas
421 1316 628 1358 bellatores
662 1318 759 1356 istos
793 1315 1000 1371 horologia
1034 1329 1164 1356 secum
1197 1317 1235 1355 in
1269 1315 1406 1356 loculis
1438 1317 1676 1371 portavisse!
1709 1317 1764 1359 At

273 1403 373 1441 enim
407 1415 497 1441 vero
537 1401 612 1440 nisi
653 1407 696 1440 nt
736 1399 924 1455 singulari
964 1397 1147 1454 prodigio
1191 1398 1413 1440 ostenderet
1450 1407 1487 1440 et
1518 1399 1764 1442 confirmaret

273 1484 444 1525 divinam
484 1483 585 1523 illam
626 1482 807 1531 tutelam,
851 1496 967 1538 quam
1006 1482 1201 1522 Israelitae
1241 1481 1314 1522 sibi
1357 1481 1625 1532 vindicabant,
1667 1483 1763 1539 quid

274 1583 374 1624 opus
408 1575 508 1616 erat,
542 1574 588 1607 ut
621 1565 727 1606 orbis
761 1567 887 1606 nostri
920 1567 1065 1605 rotatio
1094 1565 1327 1606 sisteretur?
1357 1565 1408 1606 Et
1431 1567 1518 1622 quis
1541 1580 1659 1607 sanus
1683 1580 1763 1607 cre-

273 1651 415 1692 diderit
452 1658 598 1691 tantam
639 1651 811 1689 universi
851 1647 987 1688 mundi
1028 1648 1377 1704 interpellationem
1409 1663 1431 1689 a
1463 1648 1761 1704 Sapientissimo

272 1735 439 1776 Rectorc
471 1732 668 1774 inductam
702 1746 805 1781 esse,
840 1730 1089 1772 solummodo
1122 1739 1166 1772 ut
1190 1730 1373 1771 Amoraei
1404 1731 1574 1772 divinam
1605 1746 1761 1773 manum

273 1820 311 1858 in
343 1817 525 1858 Israelitis
553 1815 788 1856 auxiliandis
811 1813 1095 1871 agnoscerent?
1127 1813 1256 1855 Saxea
1278 1814 1341 1854 illa
1361 1814 1511 1871 grando
1535 1814 1761 1857 fulminibus

273 1902 501 1949 commixta,
545 1914 643 1956 quac
685 1901 833 1955 impetu
871 1913 944 1939 suo
978 1906 1082 1939 totas
1115 1897 1298 1938 cohortes
1329 1900 1566 1954 prostravit,
1606 1898 1762 1940 fortiori

273 1992 502 2041 argumento
545 1991 645 2032 erat,
689 1997 805 2038 quam
846 1983 1006 2038 quaevis
1047 1983 1309 2022 astronomiae
1353 1980 1557 2022 subversio
1579 1977 1618 2035 ¹).
1683 1980 1763 2023 Sed

271 2082 393 2125 paene
425 2065 640 2107 absurdum
673 2073 732 2106 cst
764 2064 809 2106 de
841 2065 907 2105 tali
941 2079 980 2105 re
1012 2066 1257 2113 ratiocinari,
1292 2079 1413 2120 quum
1446 2079 1493 2105 ne
1525 2063 1644 2106 verba
1676 2066 1762 2121 qui-

273 2152 359 2193 dem
391 2151 532 2192 veteris
574 2149 785 2190 cantilenae
826 2149 942 2189 ullam
982 2150 1079 2189 tanti
1111 2147 1283 2204 prodigii
1316 2147 1636 2204 significationem
1669 2163 1762 2189 con-

274 2238 431 2276 tineant.
496 2233 546 2273 Et
584 2233 738 2272 tametsi
777 2231 903 2272 scriba
934 2231 1243 2280 Masoretlficus,
1286 2245 1363 2287 qua
1395 2239 1477 2272 erat
1507 2233 1546 2272 in
1578 2239 1761 2287 portenta

271 2318 556 2375 propensione,
594 2323 747 2355 vetusta
781 2314 899 2362 verba
932 2316 969 2354 in
1003 2314 1145 2355 stolida
1177 2329 1248 2354 sua
1279 2314 1411 2370 glossa
1444 2314 1553 2356 aliter
1585 2328 1628 2354 ac
1659 2314 1759 2355 dieta

273 2409 365 2442 sunt
386 2400 586 2455 acceperit,
619 2398 767 2438 Jesaias
792 2406 931 2446 tamen,
962 2399 1027 2453 qui
1052 2397 1193 2438 librum
1213 2396 1473 2437 ‹lasharanum
1495 2396 1758 2453 proculdubio

272 2491 514 2532 versaverat,
548 2481 694 2523 Josuae
727 2483 928 2522 victoriam
962 2495 1047 2521 cum
1081 2494 1123 2520 ea
1156 2494 1289 2536 pugna
1320 2494 1443 2535 prope
1475 2479 1759 2521 Baal—Prazim

375 2647 397 2689 ¹)
431 2645 549 2680 Talem
576 2657 645 2679 rem
671 2657 731 2691 pro
759 2647 856 2692 signo
884 2644 1015 2678 adversi
1050 2644 1196 2677 numinis
1222 2643 1275 2677 vel
1303 2643 1340 2676 ab
1369 2644 1478 2688 impiis
1506 2643 1619 2677 haberi
1646 2654 1757 2688 posse,

273 2717 389 2744 auctor
422 2717 473 2744 est
500 2711 616 2744 Livius
644 2709 805 2754 <11‚62):
839 2709 1041 2743 »Prohibuit
1073 2708 1170 2742 foeda
1206 2713 1405 2753 tempestas,
1441 2720 1512 2742 cum
1540 2707 1701 2754 grandine
1728 2713 1758 2742 et

273 2776 455 2810 tonitribus
483 2775 576 2810 coelo
606 2775 742 2820 dejecta.
796 2775 1060 2810 Admirationem
1088 2773 1207 2807 deinde
1233 2774 1343 2814 auxit,
1371 2774 1468 2819 signo
1494 2773 1641 2818 receptui
1669 2773 1757 2813 dato,

273 2841 355 2875 adeo
390 2840 571 2886 tranquilla
604 2842 766 2875 serenitas
799 2840 946 2874 reddita:
982 2845 1017 2873 ut
1044 2838 1135 2874 velut
1169 2840 1305 2873 numine
1337 2838 1451 2885 aliquo
1486 2837 1622 2872 defensa
1652 2843 1757 2871 castra

274 2917 466 2952 oppugnare
493 2907 613 2940 iterum
640 2905 770 2952 relligio
799 2904 933 2939 fuerit.‹·
