1867 3301
288 324 375 378 qui,
411 337 646 379 quamquam
679 323 857 365 ethnicus
891 332 928 365 et
954 324 1081 365 Israeli
1115 325 1253 375 hostis,
1288 334 1415 367 tamen
1438 326 1508 367 Dei
1540 325 1676 369 asssatu
1707 327 1775 370 ab·

286 414 442 461 reptus‚
483 422 563 447 non
602 410 735 463 potuit
774 422 854 449 non
893 407 998 448 bona
1040 410 1169 449 omnia
1209 424 1252 450 ac
1294 409 1420 451 fausta
1453 410 1498 451 de
1532 409 1671 452 dilecto
1704 410 1775 452 Dei

286 490 436 545 populo
470 490 705 546 praedicare.
758 491 800 532 In
833 500 944 534 sexta
975 500 1086 548 parte
1119 494 1208 534 item
1241 495 1314 534 tria
1346 496 1560 550 reperimus
1593 496 1773 543 carmina,

288 587 454 628 quorum
489 588 610 629 quum
642 574 855 616 secundum
889 590 931 616 ac
962 576 1131 617 medium
1164 575 1377 617 mirabilem
1409 577 1511 618 illam
1544 585 1581 618 et
1613 577 1775 619 elemen-

289 663 417 696 torum
452 671 525 712 ope
556 666 749 714 patratam
770 658 945 700 Joshuae
979 662 1181 701 victoriam
1215 659 1396 710 celebret,
1433 669 1641 717 utrumque
1675 661 1774 702 latus

287 738 480 780 clauditur
510 756 531 781 a
565 741 717 783 duabus
751 743 963 792 cantilenis,
999 757 1098 800 quae
1130 759 1209 789 nou
1243 746 1370 785 minus
1404 744 1609 794 mirabiles,
1644 744 1774 785 ambas

286 823 487 879 inopinata
518 839 708 881 aquarum
740 826 864 868 eluvie
897 826 1064 882 adjutas,
1098 827 1355 868 Israelitarum
1390 828 1637 869 liberationes
1670 843 1775 869 com-

285 916 513 949 memorant.
563 907 685 950 Sexta
718 909 883 966 denique
916 919 1026 966 parte
1049 910 1210 951 Davidis
1234 918 1311 951 tam
1334 911 1492 951 acerbae
1515 926 1631 967 quam
1653 911 1773 952 laetae

286 992 542 1046 cogitationes
576 992 723 1034 laxiore
748 993 915 1049 quadam
947 1002 1173 1049 poematum
1206 1001 1339 1035 catena
1372 993 1679 1050 frequentantur,
1714 1009 1776 1035 ac-

287 1073 428 1115 cedunt
465 1083 593 1116 autem
626 1077 814 1117 nonnulla
847 1076 895 1118 ad
928 1075 1171 1119 Solomonen
1203 1080 1435 1134 spectantia,
1478 1091 1556 1133 quo
1590 1085 1774 1134 regnante

286 1156 379 1197 haec
412 1158 597 1215 relligiosi
629 1162 847 1217 argumenti
871 1160 1099 1218 anthologia
1121 1161 1268 1217 publici
1283 1161 1386 1216 juris
1409 1159 1508 1201 sacta
1530 1169 1600 1201 est.
1642 1160 1774 1217 Atque

285 1241 337 1280 ita
379 1256 400 1280 a
439 1256 542 1283 mera
580 1245 691 1299 poesi
724 1244 773 1284 ad
805 1259 944 1300 puram
975 1253 1111 1300 putam
1144 1244 1348 1286 historiam
1380 1246 1640 1301 pervenimus.
1704 1243 1774 1285 His

284 1326 507 1380 praemissis
541 1325 590 1367 ad
621 1327 867 1384 singulorum
901 1331 1113 1370 carminum
1146 1330 1428 1370 enarrationem
1463 1327 1668 1369 descendo.

732 1565 784 1607 IN
814 1565 1001 1609 JACOBI
1035 1565 1324 1609 CANTICUM.

405 1743 461 1784 l)e
502 1752 624 1786 aetate
657 1753 773 1801 atque
806 1753 964 1790 auctore
998 1746 1117 1802 hujus
1152 1744 1300 1787 Cantici
1332 1745 1463 1801 plures
1497 1744 1655 1786 fuerunt
1686 1759 1773 1787 sen-

285 1829 439 1868 tentiae.
486 1828 742 1869 lnveniuntur
774 1829 983 1870 etiamdum
1018 1831 1085 1886 qui
1117 1829 1276 1871 credant
1296 1828 1486 1870 Jacobum
1519 1831 1647 1885 ipsum
1679 1829 1773 1869 haec

285 1910 403 1951 verba
451 1913 646 1952 cecinisse.
723 1912 827 1953 luter
874 1927 974 1969 quos
1022 1912 1252 1954 numerandi
1300 1921 1393 1953 sunt
1437 1912 1771 1961 Rosenmiillerus‚

283 1993 662 2051 llellgstellllelgitls,
698 1994 974 2045 Drechslerus,
1010 1996 1290 2046 Delitzseliius‚
1326 2004 1363 2037 ct
1393 1997 1614 2051 nuperrime
1639 1994 1773 2036 Ludo-

284 2079 392 2118 vicus
426 2078 590 2128 Diestel,
631 2081 697 2134 qui
730 2079 965 2135 singularem
999 2079 1045 2120 dc
1078 2080 1153 2121 hoc
1184 2087 1362 2136 poemate
1397 2077 1773 2121 Commentationem

284 2160 405 2201 edidit
438 2158 540 2213 (Der
572 2161 699 2218 Segen
731 2161 874 2204 Jacobs
916 2165 955 2203 in
990 2161 1127 2204 Genes.
1158 2163 1298 2204 XLIX.
1340 2162 1551 2203 liistorisch
1589 2161 1774 2202 erlautert

284 2258 361 2284 von
410 2244 581 2300 Ludwig
620 2244 778 2286 Diestel.
850 2245 1162 2303 Braunschweig
1205 2243 1355 2299 1853).
1426 2244 1505 2286 Sed
1552 2253 1596 2286 ut
1642 2258 1772 2285 sumas

282 2326 473 2368 Jacobum
507 2327 625 2368 fuisse
658 2328 854 2369 hominem
877 2329 1062 2384 aliquem,
1096 2344 1197 2379 non,
1232 2338 1417 2385 utsupra
1439 2327 1611 2378 ostendi,
1644 2329 1771 2384 gentis

282 2409 520 2451 Jasliaranae
552 2426 712 2460 nomen,
747 2410 931 2452 habuisse
964 2420 1091 2452 autem
1120 2408 1325 2452 duodecim
1348 2412 1471 2459 filios,
1506 2425 1584 2451 non
1608 2410 1771 2451 totidem

287 2492 456 2535 tribuum
498 2496 745 2550 progeniem,
789 2496 876 2550 quis
919 2509 1037 2535 sanus
1079 2494 1285 2536 crediderit
1315 2492 1594 2535 moribundum
1627 2508 1768 2542 senem,

284 2576 380 2618 adeo
416 2577 673 2633 decrepitum,
709 2580 777 2618 vix
809 2586 854 2619 ut
885 2577 1061 2619 cervicali
1094 2592 1133 2618 se
1160 2579 1351 2618 sustinere
1375 2585 1528 2632 posset,
1562 2577 1678 2633 pleno
1705 2590 1770 2617 ore

284 2658 506 2715 profudisse
540 2660 692 2715 justum
735 2676 906 2710 carmen,
949 2659 1130 2701 omnibus
1172 2660 1350 2717 partibus
1390 2660 1614 2701 absolutum
1653 2668 1771 2715 atquc

284 2742 544 2792 elaboratum,
584 2743 818 2801 imaginibus
853 2753 890 2785 et
920 2746 1206 2800 paronomasiis
1239 2752 1410 2793 scatens,
1445 2752 1561 2799 atque
1594 2744 1646 2783 ita
1678 2757 1771 2782 con-

285 2827 464 2866 stitutum
498 2834 541 2866 ut
572 2841 619 2867 ne
651 2841 754 2868 unus
787 2827 943 2884 quidem
976 2827 1166 2876 filiorum,
1202 2830 1234 2868 si
1256 2827 1322 2868 filii
1345 2826 1544 2876 adessent,
1579 2824 1671 2881 quid
1696 2823 1770 2866 sibi

284 2908 426 2950 vellent
454 2909 662 2951 allusiones
693 2910 790 2959 illae,
824 2909 1082 2967 intelligeret?
1113 2910 1161 2951 Et
1192 2913 1280 2967 quis
1303 2910 1377 2952 tale
1399 2923 1539 2964 poema
1561 2910 1767 2964 exciperet,
