1867 3301
817 181 1006 255 ρῳ136

211 327 529 384 tranquillitatem
561 325 750 366 lectorum
773 322 1128 365 considerationem
1149 322 1314 379 dirigere
1338 322 1475 363 voluit.
1521 319 1703 364 Ceterum

211 411 366 467 singula
398 422 693 466 persequamur.

329 494 356 534 Ι.
406 492 449 535 Si
488 507 585 549 gens
626 492 797 532 humana
837 492 876 531 in
916 489 1100 531 Armenia
1141 498 1228 531 orta
1269 497 1344 538 est,
1385 488 1702 530 verisimillimum

211 587 270 620 est
307 580 433 634 prima
470 577 714 632 migrationis
747 574 908 615 flumina
940 575 979 614 in
1011 573 1147 616 Asiam
1178 575 1366 614 minorem
1400 571 1575 613 derivata
1605 586 1701 613 esse.

211 661 356 703 Postea
378 674 471 702 vero
506 658 688 700 credibile
721 666 779 700 est
810 658 987 699 homines
1020 659 1060 698 in
1082 672 1240 713 campos
1261 656 1572 712 Mesopotamiae
1592 655 1705 712 paul-

213 746 318 786 latim
341 742 607 793 descendisse,
642 744 730 800 qui,
765 744 797 783 si
822 742 1013 799 geologos
1034 741 1229 791 audimus,
1264 739 1456 782 lutulenta
1478 747 1516 781 et
1537 754 1705 781 coenosa

213 829 354 870 alluvie
387 827 505 868 colliti
539 835 666 876 erant,
700 840 771 882 per
804 840 920 882 quam
953 827 1122 883 segniter
1155 824 1412 866 decurrebant
1433 838 1563 866 amnes
1586 825 1703 865 variis

213 913 446 954 lacertorum
478 910 687 968 generibus
721 917 931 959 scatentes,
973 909 1065 950 dum
1098 907 1351 950 deinotheria
1382 923 1481 965 quae
1513 915 1705 950 vocantur

212 998 359 1053 passim
391 1010 432 1036 se
464 994 514 1035 ad
545 996 650 1050 ripas
673 994 868 1034 immensis
904 992 1077 1034 dentium
1110 994 1262 1033 ancoris
1294 990 1522 1048 religabant.
1574 991 1617 1032 In
1640 991 1705 1034 tali

215 1080 362 1122 telluris
402 1080 560 1135 ingenio
603 1077 750 1118 assidui
789 1075 930 1117 imbres
970 1075 1044 1117 sub
1084 1075 1201 1117 finem
1238 1076 1437 1117 auctumni
1468 1074 1705 1131 paludosum

214 1164 342 1205 solum
374 1164 411 1203 in
435 1163 548 1218 ponti
571 1175 744 1218 aequora
766 1168 990 1202 convertere
1012 1167 1216 1217 poterant,
1249 1167 1307 1209 ut,
1340 1157 1409 1199 ubi
1432 1160 1557 1221 sparsi
1580 1159 1706 1201 homi-

213 1261 282 1289 nes
315 1261 405 1288 suas
438 1246 607 1303 pecudes
640 1244 818 1302 agebant,
851 1258 955 1286 mare
984 1252 1223 1301 proruptum
1255 1258 1342 1284 cum
1363 1251 1475 1284 vasto
1508 1258 1706 1286 murmure

216 1339 394 1388 surgeret
432 1338 469 1371 et
507 1329 646 1387 pelago
689 1330 846 1369 sonanti
887 1343 979 1369 arva
1020 1330 1270 1385 opprimeret.
1334 1325 1486 1380 Quodsi
1523 1329 1564 1369 in
1603 1337 1707 1371 tanta

216 1423 345 1471 strage
383 1413 561 1471 plerique
603 1427 735 1454 omnes
774 1412 921 1453 incolae
954 1411 1131 1453 funditus
1163 1412 1389 1469 periissent,
1431 1413 1546 1467 pauci
1578 1420 1706 1455 autem

216 1513 303 1540 cum
335 1499 416 1539 suis
450 1496 602 1538 familiis
636 1505 674 1538 et
705 1497 888 1537 armentis
921 1495 982 1536 vel
1013 1498 1053 1537 in
1085 1494 1224 1552 cymba
1256 1494 1518 1552 qualicunque
1546 1496 1607 1538 vel
1637 1511 1708 1553 per

217 1581 402 1623 inferiora
432 1583 626 1622 montium
652 1580 751 1637 juga
782 1581 822 1620 in
843 1579 1068 1622 Armeniam
1100 1579 1220 1635 elapsi
1247 1587 1394 1629 essent,
1429 1578 1524 1636 quid
1545 1589 1706 1623 naturae

217 1667 339 1721 magis
373 1673 676 1706 cousentaneum
710 1678 826 1720 quam
858 1663 932 1704 hos
954 1663 1101 1720 ubique
1126 1678 1305 1705 narrasse
1327 1671 1365 1704 et
1384 1665 1592 1705 memoriae
1613 1679 1708 1720 pro-

218 1748 363 1790 didisse
396 1763 436 1789 se
468 1762 641 1804 suosque
675 1746 806 1788 divina
836 1747 1085 1804 providentia
1107 1747 1264 1804 adjutos
1290 1746 1337 1787 ab
1360 1748 1520 1787 instanti
1540 1749 1707 1804 pernicie

218 1833 348 1875 salvos
381 1847 484 1882 esse,
520 1839 669 1873 eeteros
692 1845 785 1872 vero
820 1831 997 1872 homines
1029 1840 1194 1887 propter
1224 1832 1458 1888 impietatem
1484 1829 1558 1872 sub
1580 1830 1708 1874 flucti-

216 1916 292 1959 bus
324 1916 399 1958 illis
433 1915 663 1957 demersos?
713 1914 843 1968 Quum
882 1915 990 1956 nulla
1020 1917 1060 1957 in
1091 1923 1205 1957 textu
1235 1914 1500 1956 Masorethico
1534 1915 1708 1957 miraculi

218 2001 450 2058 significatio
493 2002 562 2049 sit,
603 1999 717 2056 plane
757 2007 874 2056 atque
915 2008 1046 2056 aperte
1087 1999 1249 2040 dicimus
1288 1999 1372 2040 fieri
1403 2013 1484 2041 non
1515 2013 1633 2055 posse
1665 2008 1709 2041 ut

219 2084 411 2127 diluvium
442 2082 699 2125 Noaehanum
732 2082 782 2124 ad
812 2091 941 2124 totum
974 2083 1080 2125 orbis
1112 2092 1305 2125 terrarum
1337 2084 1558 2139 pertineret.
1609 2082 1708 2124 Nam

220 2174 264 2209 nt
308 2166 428 2208 tradit
475 2166 602 2208 scriba
644 2175 798 2217 noster,
848 2167 1001 2224 singula
1046 2169 1156 2224 paria
1194 2166 1240 2208 de
1282 2165 1444 2223 singulis
1486 2166 1709 2208 animalium

217 2250 449 2309 generibus,
492 2265 578 2292 cum
614 2252 840 2292 necessariis
878 2251 1088 2300 alimentis,
1130 2252 1169 2291 in
1207 2264 1312 2299 arca,
1352 2250 1462 2306 cujus
1500 2250 1706 2307 longitudo

221 2333 358 2384 CCC„
403 2333 569 2376 latitudo
602 2333 646 2375 L,
681 2342 718 2374 et
758 2333 922 2374 altitudo
956 2333 1088 2375 XXX.
1130 2333 1353 2375 cubitorum
1395 2333 1596 2383 definitur,
1639 2349 1708 2390 per

221 2417 303 2460 dies
351 2417 401 2459 ad
443 2419 646 2459 minimum
689 2414 773 2458 CX.
815 2415 1129 2459 continebantur.
1200 2416 1285 2458 Jam
1326 2430 1440 2467 vero,
1489 2424 1533 2458 ut
1570 2417 1708 2474 physi-

221 2517 288 2544 cus
330 2501 489 2559 quidam
528 2501 643 2542 nobis
677 2509 814 2542 auctor
846 2508 922 2550 est,
966 2502 997 2541 si
1029 2502 1153 2557 pisces
1187 2509 1225 2541 et
1254 2498 1447 2541 infusoria
1479 2502 1706 2552 omittimus,

223 2584 447 2629 0001000
467 2618 475 2627 .
492 2584 715 2629 0001000
734 2617 742 2626 .
760 2583 983 2628 0001000
1001 2616 1008 2625 .
1026 2583 1165 2629 ΙοΜΜ
1181 2616 1189 2624 .
1205 2581 1539 2626 DCCCCXLIV.
1563 2587 1708 2641 species

222 2669 445 2711 animalium
478 2669 526 2710 ad
548 2669 653 2710 hunc
675 2668 775 2710 diem
801 2670 1069 2709 innotuerunt.
1116 2668 1250 2724 Itaque
1277 2666 1405 2708 scriba
1425 2668 1487 2708 ille
1509 2676 1577 2710 aut
1597 2670 1709 2725 igno-

222 2752 354 2802 rabat,
382 2761 480 2810 quot
500 2767 643 2810 genera
665 2752 887 2794 animalium
909 2754 1159 2801 exsisterent,
1187 2760 1255 2792 aut
1276 2751 1381 2792 aliud
1403 2750 1560 2808 agebat,
1588 2765 1708 2808 quum

222 2845 369 2879 tantam
391 2837 679 2879 multitudinem
700 2837 851 2878 tantillo
875 2836 1002 2892 spatio
1025 2835 1213 2876 inclusam
1229 2835 1402 2891 fingeret.
1438 2834 1517 2876 Sed
1531 2833 1707 2890 profecto

224 2920 285 2963 vel
315 2922 434 2963 nimio
470 2923 550 2962 otio
584 2920 769 2963 abutetur
798 2922 843 2970 is,
880 2921 947 2977 qui
978 2927 1126 2962 veteres
1157 2918 1357 2962 Hebraeos
1390 2921 1429 2960 in
1461 2917 1604 2960 scholis
1636 2917 1709 2959 ho-
