1867 3301
745 192 1018 263 -ΞᾸΞᾙ,

374 332 484 373 Dixit
515 331 709 373 Dominus
744 346 793 372 ex
824 330 1049 373 Basanitide
1081 331 1265 373 reducam
1297 345 1377 380 eos,

371 415 569 457 Reducam
604 430 670 457 eos
705 430 753 456 ex
785 414 986 471 profundo
1020 417 1150 457 maris.

131 499 249 554 Quod
289 499 337 541 ad
374 499 499 541 Mosis
539 500 671 542 tebam
712 501 867 549 attinet,
912 500 1005 541 satis
1047 502 1120 540 erit
1149 498 1242 540 Julii
1277 497 1455 540 Caesaris
1494 499 1623 541 verbis

131 583 289 634 dixisse,
324 583 438 635 illam,
473 599 553 625 non
586 585 704 625 modo
737 583 921 626 infantem
944 583 1109 633 Mosem,
1144 583 1214 624 sed
1235 585 1348 625 etiam
1371 585 1408 625 in
1433 598 1478 625 eo
1501 591 1624 625 totam

128 667 388 710 Israelitarum
420 676 574 725 gentem
607 670 810 725 ipsiusque
842 667 1022 709 fortunas
1057 668 1207 710 vehere.

248 751 395 794 Deinde
434 752 647 802 Israelitae,
690 754 803 793 sicut.
829 750 1034 801 Noaehus,
1085 766 1154 807 per
1194 753 1310 792 maris
1351 751 1514 801 fluctus,
1556 753 1622 808 qui

129 838 270 892 impios
305 851 438 879 omnes
470 836 595 877 refluo
630 844 739 877 aestu
773 835 1076 893 absorpserunt,
1112 843 1241 876 tutum
1273 837 1346 877 iter
1377 837 1621 876 invenerunt.

128 920 260 977 Atque
290 929 336 961 ut
365 918 564 970 Noaehus,
600 935 685 961 cum
720 919 863 961 familia
895 935 977 970 sua,
1014 921 1143 961 omnia
1176 919 1354 961 animalia
1382 918 1621 975 reportabat,

130 1005 182 1044 ita
212 1004 405 1045 Israelitae
439 1018 597 1061 quoque
635 1018 684 1045 ex
716 1003 901 1061 Aegypto
943 1003 1136 1061 fugientes
1176 1018 1314 1061 greges
1356 1018 1450 1044 suos
1493 1017 1621 1044 secum

130 1086 297 1144 agebant
328 1103 374 1129 ne
407 1088 556 1145 ungula
589 1088 744 1144 quidem
777 1088 910 1129 relicta
943 1085 1097 1140 (Exod.
1121 1087 1173 1137 X,
1198 1084 1292 1141 26).

247 1172 446 1228 Denique,
488 1180 533 1213 ut
574 1174 813 1229 comparatio
855 1171 950 1213 haec
990 1171 1039 1212 ad
1078 1173 1314 1213 examussim
1352 1171 1621 1221 concludatur,

129 1270 175 1297 ne
197 1257 348 1297 numeri
376 1255 545 1312 quidem,
582 1258 649 1312 qui
674 1258 713 1297 in
736 1256 836 1297 hanc
858 1257 1121 1298 narrationem
1144 1255 1413 1306 inferciuntur,
1449 1272 1469 1297 a
1490 1255 1622 1312 templi

129 1339 273 1380 conditi
308 1339 567 1397 chronologia
600 1349 803 1397 ceteraque
825 1340 1085 1381 Israelitarum
1118 1340 1284 1381 historia
1308 1355 1475 1396 prorsus
1509 1339 1624 1381 dissi-

129 1422 232 1464 dent.
299 1422 432 1477 Qualis
474 1424 569 1465 mihi
613 1424 865 1481 computandi
903 1425 1004 1465 ratio
1046 1423 1275 1465 satisfecerit
1315 1426 1354 1465 in
1385 1423 1621 1480 Fragmento

128 1508 215 1563 ipso
235 1507 512 1549 constituendo
536 1507 720 1549 exhibere
744 1517 907 1549 conatus
930 1523 1030 1550 sum.
1061 1507 1142 1550 Nec
1158 1508 1252 1550 aliae
1269 1511 1441 1550 rationes
1460 1506 1621 1557 desunt3

127 1605 216 1632 nam
247 1606 433 1633 numerus
467 1600 742 1633 sexcentorum
776 1607 981 1643 annorum,
1017 1594 1083 1649 qui
1116 1591 1267 1634 Noachi
1300 1594 1402 1634 vitae
1434 1591 1624 1633 tribuitur

129 1672 249 1728 (Gen.
272 1675 360 1726 Vll,
387 1674 426 1718 6.
457 1675 563 1726 VIII,
591 1673 689 1729 13),
733 1685 907 1733 spectare
946 1685 1097 1733 potest,
1143 1692 1192 1718 ex
1230 1676 1392 1733 Josephi
1433 1678 1623 1719 sententia

129 1755 281 1811 (contra
302 1759 499 1816 Apionem
519 1760 563 1811 II,
589 1757 645 1814 2),
680 1760 730 1801 ad
755 1776 961 1803 numerum
985 1776 1189 1811 annorum,
1225 1763 1293 1818 qui
1315 1762 1416 1802 inter
1436 1760 1620 1801 Exodum

127 1851 166 1884 et
204 1843 338 1900 templi
378 1844 684 1887 aedificationem
724 1844 1028 1887 intercedebant.
1100 1845 1171 1886 Ait
1202 1836 1321 1887 enim:
1362 1842 1385 1885 ὃ
1416 1842 1624 1898 Σολομῶν

129 1921 375 1983 ᾠκοδόμησε
419 1924 496 1970 τὸν
539 1926 651 1971 ναὸν
691 1925 798 1984 μετὰ
839 1925 886 1970 τὸ
928 1928 1126 1980 ἐξελθεῖν
1165 1927 1212 1979 ἕξ
1253 1927 1476 1981 Αἰγύπτου
1523 1924 1623 1977 τούς

122 2005 356 2059 Ἰουδαίους
397 2011 566 2053 δώδεκα
605 2015 676 2053 καὶ
716 2011 952 2063 ἑξακοσίοις
1003 2010 1138 2055 ἔτεσιν
1179 2011 1369 2067 ὕστερον.
1437 2012 1540 2053 Idem
1582 2013 1620 2053 in

127 2093 324 2151 Antiquit.
346 2094 446 2145 Vm,
471 2094 497 2137 3
531 2110 655 2138 annos
681 2094 826 2139 DXClI
858 2105 1071 2153 computat.
1119 2097 1175 2138 Ita
1210 2105 1256 2138 ut
1286 2111 1449 2138 numero
1483 2103 1620 2137 exacto

127 2176 196 2220 DC
231 2178 358 2220 scriba
389 2187 524 2221 noster
554 2179 789 2222 intellexerit
829 2180 928 2222 hanc
961 2180 1210 2238 quorundam
1242 2180 1484 2223 «Iudaeorum
1517 2195 1623 2222 com-

126 2265 393 2320 putationem,
437 2277 535 2320 quae
576 2264 746 2306 medium
779 2272 885 2307 tenet
915 2267 1016 2307 inter
1048 2265 1149 2308 duos
1182 2281 1203 2307 a
1234 2265 1410 2322 Josepho
1443 2265 1620 2322 prolatos

128 2361 319 2389 annorum
352 2362 550 2390 numeros.
608 2348 698 2391 Alia
731 2351 985 2406 computatio,
1021 2363 1137 2407 quam
1170 2357 1304 2392 textus
1335 2350 1620 2391 masorethicus

130 2429 148 2472 1
174 2430 272 2489 Reg.
295 2431 362 2483 VI,
385 2430 404 2474 1
430 2441 587 2475 secutus
610 2441 679 2484 est,
703 2448 854 2491 nempe,
880 2449 1004 2475 annos
1028 2432 1338 2477 CCCCLXXX
1361 2434 1514 2490 elapsos
1537 2447 1620 2474 esse

125 2523 219 2571 post
249 2515 454 2568 Exodum,
497 2531 617 2574 quum
659 2517 771 2560 aedes
803 2517 976 2560 Jehovac
1017 2527 1156 2575 coepta
1188 2526 1266 2568 est,
1309 2533 1359 2559 ex
1391 2532 1541 2558 summa
1573 2515 1621 2558 ad

127 2598 330 2641 arbitrium
353 2600 517 2643 conficta
539 2600 695 2660 pendet.
745 2600 844 2643 Nam
869 2600 1178 2645 CCCC.LXXX
1201 2601 1394 2658 adaequat
1414 2615 1619 2642 numerum

127 2681 479 2740 quadragenarium
522 2685 730 2729 duodecies
762 2688 966 2738 iteratum3
1008 2701 1194 2728 numerus
1234 2694 1361 2727 autem
1403 2684 1622 2743 quadrage-

126 2769 279 2817 narius,
322 2776 367 2809 ut
407 2769 589 2812 omnibus
628 2770 846 2813 Hebraistis
887 2779 1025 2812 notum
1066 2779 1142 2821 est,
1186 2784 1310 2827 vagus
1343 2778 1403 2811 est
1432 2784 1619 2811 numerus

125 2865 304 2907 magnam
338 2852 506 2909 aliquam
536 2854 797 2910 pluralitatem
832 2854 1043 2905 denotans3
1078 2862 1116 2895 et
1137 2855 1255 2894 variis
1289 2855 1527 2911 argumentis
1555 2852 1620 2893 de-

126 2937 362 2977 monstravit
399 2935 565 2993 Lepsius
608 2935 894 2997 (Chronologie
936 2938 1004 2981 der
1039 2937 1244 2995 Aegypter
1281 2952 1371 2995 pag.
1397 2935 1481 2980 336
1514 2933 1619 2993 sqq.)
