1867 3301
928 202 994 250 60

218 344 358 401 (ῥῦσαι
390 340 500 401 ἡμᾶς
532 340 619 386 ἀπὸ
652 342 727 386 τοῦ
758 341 976 399 πονηροῦ),
1011 343 1200 386 exclamat
1229 344 1376 386 Paulus
1411 341 1465 397 (ν.
1490 341 1586 398 24):
1618 346 1704 387 »in-

216 430 307 471 felix
340 445 411 487 ego
446 430 578 479 homo,
614 430 700 485 quis
734 443 792 469 mc
824 428 1012 470 liberabit
1041 444 1063 470 a
1092 437 1237 478 morte,
1272 431 1447 478 miseriis,
1482 437 1520 469 et
1542 427 1701 478 delictis,

217 513 359 571 quibus
392 513 467 554 hoc
500 528 625 554 meum
659 527 803 569 corpus
838 512 1056 553 obnoxium
1089 520 1148 554 est
1180 509 1257 565 (τίς
1287 528 1338 567 με
1371 510 1540 567 ῥύσεται
1564 509 1609 553 ἐκ
1630 510 1705 554 τοῦ

216 597 408 653 σώματος
447 598 522 638 τοῦ
554 593 757 637 θανάτου
787 592 1010 649 τούτου)Ρ«
1058 595 1281 652 Respondit
1311 596 1411 637 idem
1443 597 1586 653 gratias
1618 594 1702 637 Deo

215 681 413 723 habendas
454 695 556 730 esse,
599 682 666 737 qui
705 695 774 737 per
808 678 1008 722 Christum
1050 679 1234 729 effecerit,
1277 688 1322 720 ut
1353 682 1483 721 verior
1524 688 1562 721 et
1592 694 1704 737 prae-

215 768 382 807 stantior
404 765 572 805 hominis
595 779 700 821 pars,
736 778 811 820 qua
834 766 933 805 ratio
957 772 995 806 et
1016 766 1250 821 conscientia
1274 766 1557 814 contineantur,
1592 779 1702 808 suam

216 849 520 908 dominationem
561 863 737 890 exercerc
777 850 915 905 possit.
981 847 1142 889 Summa
1182 850 1301 905 igitur
1339 847 1617 904 disputationis
1656 862 1701 889 eo

214 933 333 983 redit,
369 942 413 974 ut
442 935 588 989 pcccati
622 931 710 973 fons
744 941 782 973 et
815 934 990 989 operatio
1023 934 1063 973 in
1086 946 1197 973 carne
1219 940 1403 989 ponatur,
1436 934 1461 973 i.
1487 947 1518 974 c·.
1548 934 1588 973 in
1610 946 1703 973 eon-

216 1019 453 1074 cupiscentia
474 1016 535 1057 vel
567 1014 798 1071 ἐπιθυμίᾳ,
832 1030 930 1072 quac
962 1024 1128 1056 mentem
1151 1024 1266 1072 atque
1289 1018 1458 1057 animum
1483 1015 1700 1073 degenerat,

216 1110 252 1142 et
292 1103 500 1158 perniciem
541 1099 709 1149 inducit,
753 1108 790 1140 ct
823 1114 920 1155 quae
955 1099 1187 1140 omnimodis
1221 1098 1353 1141 divino
1387 1101 1541 1156 spiritui
1573 1101 1703 1156 perni-

216 1188 317 1226 ciose
350 1184 593 1225 contradicit.
657 1182 792 1241 Neque
826 1183 898 1224 alia
930 1192 988 1224 est
1020 1183 1243 1240 Fragmenti
1274 1185 1400 1224 nostri
1432 1183 1621 1224 doctrina.

334 1266 390 1321 (b)
439 1268 503 1308 Ad
542 1267 813 1324 Philippenses
856 1266 1027 1308 scribens
1064 1266 1165 1308 idem
1203 1267 1350 1308 Paulus
1391 1267 1568 1323 exemplo
1608 1266 1703 1309 Jesu

216 1352 362 1396 Christi
402 1352 638 1409 relligiosum
676 1351 932 1392 humilitatem
972 1351 1234 1401 commendat,
1283 1366 1364 1392 non
1403 1353 1485 1393 sine
1523 1359 1703 1407 respectu

214 1438 264 1480 ad
293 1439 520 1494 primarium
552 1436 720 1476 hominis
746 1443 946 1491 peecatum
973 1432 1037 1488 (II,
1063 1433 1087 1476 5
1112 1432 1230 1492 sqq.)
1281 1434 1356 1489 Qui
1379 1435 1497 1491 hujus
1519 1434 1594 1475 loci
1616 1449 1703 1476 sen-

215 1537 300 1563 sum
340 1535 479 1578 parum
521 1528 614 1560 sunt
654 1522 841 1568 assecuti,
885 1521 986 1561 sicut
1017 1521 1207 1560 versionis
1239 1519 1476 1576 Anglicanac
1509 1527 1699 1568 auctores,

213 1607 260 1648 iis
301 1605 476 1646 fraudem
516 1602 605 1644 fecit
637 1618 719 1644 vox
751 1599 975 1658 ἁρπαγμὸς
1014 1605 1141 1644 minus
1175 1603 1383 1652 intellecta,
1427 1618 1544 1660 quam
1574 1612 1703 1645 tamen

213 1698 313 1731 recte
356 1696 563 1745 exponunt
605 1687 903 1729 Theodoretus:
952 1683 1001 1728 οὐ
1045 1687 1153 1740 μέγα
1192 1688 1316 1727 τοῦτο
1357 1684 1546 1741 ὑπέλαβε
1581 1711 1628 1718 -
1665 1695 1703 1729 ct

212 1773 399 1815 Rufinus:
431 1787 514 1813 ozon
544 1772 621 1813 sibi
650 1773 791 1827 mayni
823 1772 999 1827 deputat.
1062 1770 1160 1811 Nam
1193 1767 1434 1826 ἁρπαγμὸν,
1466 1772 1527 1812 vel
1558 1773 1701 1813 rectius

214 1856 431 1914 ἅρπαγμα,
465 1858 545 1896 sive
578 1852 767 1910 ἑρμαΐον,
800 1853 1000 1911 ἡγεῖσθαί
1030 1870 1068 1895 τι
1102 1851 1164 1907 (ef.
1188 1854 1342 1896 Heliod.
1366 1854 1481 1896 Aeth.
1498 1855 1536 1895 V
1538 1855 1587 1905 Il,
1612 1853 1699 1907 20),

214 1950 271 1983 est
294 1941 502 1997 praedam
534 1939 680 1981 ducere
711 1955 748 1980 v.
781 1940 825 1980 in
855 1939 967 1979 lucro
993 1954 1152 1995 ponere
1182 1939 1388 1994 ozeqotz’um
1419 1939 1597 1995 aliquod.
1658 1940 1701 1980 In

212 2025 332 2067 verbo
367 2019 571 2080 ἁρπάζειν
603 2026 826 2065 continetur
856 2024 966 2063 notio
1001 2022 1146 2078 cupide
1177 2023 1254 2064 sibi
1279 2023 1509 2078 arripiendi
1527 2023 1574 2064 id
1593 2023 1704 2080 quod

211 2111 275 2150 sui
300 2109 412 2163 juri-9
450 2123 532 2148 «non
572 2115 647 2161 est,
694 2107 755 2148 vel
796 2107 921 2148 saltim
962 2106 1197 2162 cupiditatis
1237 2114 1273 2148 et
1310 2108 1427 2148 ozimii
1466 2107 1628 2148 ardoris
1666 2113 1703 2149 et

211 2193 336 2234 studia·
383 2192 611 2248 significatio
660 2193 848 2231 innuitur.
924 2190 1024 2231 Hinc
1071 2190 1258 2232 habemus
1305 2189 1457 2246 κέρδεα
1503 2188 1701 2246 ἁρπαλέα

213 2273 351 2330 (Hom.
389 2274 461 2316 Od.
495 2275 599 2323 VIII,
636 2271 760 2326 164),
811 2271 1036 2328 ἁρπαλέως
1076 2272 1240 2314 ἐσθίειν
1281 2271 1358 2326 (Id.
1390 2274 1441 2315 ib.
1468 2274 1542 2323 Vl,
1575 2271 1697 2326 250),

213 2357 427 2414 ἁρπαλέος
459 2355 563 2413 ἔρως
587 2354 785 2413 (Theogn.
809 2355 951 2408 1353),
986 2355 1131 2398 ἄνθεα
1152 2355 1252 2411 ἥβης
1275 2354 1475 2411 ἁρπαλέα
1498 2354 1700 2410 (Mimner-

211 2459 296 2486 mus
329 2443 362 2493 I,
386 2440 444 2495 4),
481 2440 646 2491 δέξεται
677 2435 904 2495 ἁρπαλέως
936 2436 1134 2496 (Theogn.
1163 2437 1312 2491 1046),
1354 2437 1552 2494 ἁρπαλέα
1586 2439 1700 2488 δόσις

213 2525 341 2580 (Pind.
372 2526 490 2581 Pyth.
514 2525 617 2575 VIII,
651 2521 744 2578 65),
788 2521 1012 2580 ἁρπαλέαν
1052 2524 1203 2575 σχέθοι
1241 2521 1453 2579 φροντίδα
1492 2520 1572 2564 τᾶν
1610 2521 1698 2577 πὰρ

211 2607 345 2658 ποδός
370 2626 419 2644 Ξ
447 2612 602 2667 »magni
623 2608 737 2650 faciat
758 2617 980 2665 praesentes
1004 2607 1197 2657 delicias«,
1233 2604 1362 2659 (Pind.
1385 2607 1504 2663 Pyth.
1527 2606 1584 2656 X,
1611 2604 1696 2660 62),

211 2694 405 2750 χρήματα
440 2691 481 2734 δ’
505 2691 583 2744 οὐχ
614 2691 877 2747 ἁρπακτά·
912 2690 1181 2732 θεόσδοτα
1213 2686 1376 2732 πολλὸν
1407 2687 1564 2744 ἀμείνω
1588 2687 1695 2744 (Hes.

212 2777 242 2818 ἐ.
265 2793 301 2817 κ.
324 2774 360 2832 η.
394 2774 508 2829 320).
561 2776 630 2818 His
664 2779 718 2819 ita
749 2778 984 2825 constitutis,
1020 2774 1241 2817 facillimum
1274 2783 1332 2816 cst
1364 2774 1556 2816 declarare
1587 2774 1698 2831 Apo-

212 2861 301 2902 stoli
335 2863 576 2902 sententiam.
639 2860 737 2902 Nam
768 2861 1039 2917 Philippenses
1073 2862 1127 2900 sic
1159 2859 1359 2900 hortatur:
1399 2858 1519 2899 »Jesu
1551 2856 1698 2900 Christi

214 2945 470 2987 humilitatem
501 2947 757 2987 imitaminor:
791 2947 858 3002 qui
891 2958 1013 3002 quum
1044 2945 1084 2985 in
1116 2943 1240 2987 forma
1262 2942 1334 2985 Dei
1367 2942 1414 2984 ab
1447 2943 1557 2984 initio
1583 2949 1695 2991 esset,
