<?xml version="1.0" encoding="UTF-8"?>
<!DOCTYPE html PUBLIC "-//W3C//DTD XHTML 1.0 Transitional//EN"
    "http://www.w3.org/TR/xhtml1/DTD/xhtml1-transitional.dtd">
<html xmlns="http://www.w3.org/1999/xhtml" xml:lang="en" lang="en">
 <head>
  <title>
</title>
<meta http-equiv="Content-Type" content="text/html;charset=utf-8" />
  <meta name='ocr-system' content='tesseract 3.04.00' />
  <meta name='ocr-capabilities' content='ocr_page ocr_carea ocr_par ocr_line ocrx_word'/>
</head>
<body>
  <div class='ocr_page' id='page_1' title='image "./jasharfragmentaa00dona_0282.png"; bbox 0 0 1867 3301; ppageno 0'>
   <div class='ocr_carea' id='block_1_1' title="bbox 973 178 1073 225">
    <p class='ocr_par' dir='ltr' id='par_1_1' title="bbox 973 178 1073 225">
     <span class='ocr_line' id='line_1_1' title="bbox 973 178 1073 225; baseline -0.02 0"><span class='ocrx_word' id='word_1_1' title='bbox 973 178 1073 225; x_wconf 79' lang='lat'><strong>208</strong></span> 
     </span>
    </p>
   </div>
   <div class='ocr_carea' id='block_1_2' title="bbox 277 315 1767 2038">
    <p class='ocr_par' dir='ltr' id='par_1_2' title="bbox 277 315 1767 1879">
     <span class='ocr_line' id='line_1_2' title="bbox 279 315 1763 374; baseline 0.002 -17"><span class='ocrx_word' id='word_1_2' title='bbox 279 316 524 373; x_wconf 82' lang='lat' dir='ltr'><strong>depingeret,</strong></span> <span class='ocrx_word' id='word_1_3' title='bbox 566 331 646 358; x_wconf 92' lang='lat' dir='ltr'><strong>non</strong></span> <span class='ocrx_word' id='word_1_4' title='bbox 688 315 806 357; x_wconf 89' lang='lat' dir='ltr'><strong>modo</strong></span> <span class='ocrx_word' id='word_1_5' title='bbox 851 317 1056 358; x_wconf 85' lang='lat' dir='ltr'><strong>verisimile</strong></span> <span class='ocrx_word' id='word_1_6' title='bbox 1097 325 1174 367; x_wconf 86' lang='lat' dir='ltr'><strong>est,</strong></span> <span class='ocrx_word' id='word_1_7' title='bbox 1215 316 1284 358; x_wconf 92' lang='lat' dir='ltr'><strong>sed</strong></span> <span class='ocrx_word' id='word_1_8' title='bbox 1320 319 1455 374; x_wconf 86' lang='lat' dir='ltr'><strong>potius</strong></span> <span class='ocrx_word' id='word_1_9' title='bbox 1496 319 1763 369; x_wconf 88' lang='lat' dir='ltr'><strong>certissimum,</strong></span> 
     </span>
     <span class='ocr_line' id='line_1_3' title="bbox 280 398 1767 458; baseline 0.001 -17"><span class='ocrx_word' id='word_1_10' title='bbox 280 399 376 441; x_wconf 88' lang='lat' dir='ltr'><strong>illud</strong></span> <span class='ocrx_word' id='word_1_11' title='bbox 407 402 447 441; x_wconf 92' lang='lat' dir='ltr'><strong>in</strong></span> <span class='ocrx_word' id='word_1_12' title='bbox 479 400 704 441; x_wconf 81' lang='lat' dir='ltr'>collectione</span> <span class='ocrx_word' id='word_1_13' title='bbox 725 399 942 442; x_wconf 86' lang='lat' dir='ltr'><strong>Jasharana</strong></span> <span class='ocrx_word' id='word_1_14' title='bbox 966 400 1095 442; x_wconf 86' lang='lat' dir='ltr'><strong>locum</strong></span> <span class='ocrx_word' id='word_1_15' title='bbox 1128 409 1422 457; x_wconf 87' lang='lat' dir='ltr'><strong>occupaturum.</strong></span> <span class='ocrx_word' id='word_1_16' title='bbox 1469 398 1581 452; x_wconf 90' lang='lat' dir='ltr'><strong>Nam,</strong></span> <span class='ocrx_word' id='word_1_17' title='bbox 1616 403 1648 442; x_wconf 91' lang='lat' dir='ltr'><strong>si</strong></span> <span class='ocrx_word' id='word_1_18' title='bbox 1671 400 1767 458; x_wconf 87' lang='lat' dir='ltr'><strong>quid</strong></span> 
     </span>
     <span class='ocr_line' id='line_1_4' title="bbox 278 483 1765 540; baseline 0.001 -16"><span class='ocrx_word' id='word_1_19' title='bbox 278 483 476 534; x_wconf 84' lang='lat' dir='ltr'><strong>videmus,</strong></span> <span class='ocrx_word' id='word_1_20' title='bbox 519 486 592 525; x_wconf 88' lang='lat' dir='ltr'><strong>ista</strong></span> <span class='ocrx_word' id='word_1_21' title='bbox 632 484 807 525; x_wconf 81' lang='lat' dir='ltr'>collectio</span> <span class='ocrx_word' id='word_1_22' title='bbox 840 492 1049 540; x_wconf 76' lang='lat' dir='ltr'><strong>propterea</strong></span> <span class='ocrx_word' id='word_1_23' title='bbox 1081 484 1183 526; x_wconf 90' lang='lat' dir='ltr'><strong>edita</strong></span> <span class='ocrx_word' id='word_1_24' title='bbox 1215 493 1293 534; x_wconf 88' lang='lat' dir='ltr'><strong>est,</strong></span> <span class='ocrx_word' id='word_1_25' title='bbox 1328 493 1372 526; x_wconf 87' lang='lat' dir='ltr'><strong>ut</strong></span> <span class='ocrx_word' id='word_1_26' title='bbox 1405 483 1554 525; x_wconf 87' lang='lat' dir='ltr'>Summi</span> <span class='ocrx_word' id='word_1_27' title='bbox 1586 483 1765 525; x_wconf 86' lang='lat' dir='ltr'>Numinis</span> 
     </span>
     <span class='ocr_line' id='line_1_5' title="bbox 277 556 1767 625; baseline 0.001 -18"><span class='ocrx_word' id='word_1_28' title='bbox 277 565 586 608; x_wconf 77' lang='lat' dir='ltr'><strong>benedictionem</strong></span> <span class='ocrx_word' id='word_1_29' title='bbox 620 575 658 608; x_wconf 87' lang='lat' dir='ltr'><strong>et</strong></span> <span class='ocrx_word' id='word_1_30' title='bbox 689 568 860 618; x_wconf 84' lang='lat' dir='ltr'><strong>tutelam,</strong></span> <span class='ocrx_word' id='word_1_31' title='bbox 896 576 1012 624; x_wconf 88' lang='lat' dir='ltr'><strong>atque</strong></span> <span class='ocrx_word' id='word_1_32' title='bbox 1045 568 1117 609; x_wconf 89' lang='lat' dir='ltr'><strong>alia</strong></span> <span class='ocrx_word' id='word_1_33' title='bbox 1151 570 1280 609; x_wconf 88' lang='lat' dir='ltr'><strong>omnia</strong></span> <span class='ocrx_word' id='word_1_34' title='bbox 1313 583 1409 625; x_wconf 86' lang='lat' dir='ltr'><strong>quae</strong></span> <span class='ocrx_word' id='word_1_35' title='bbox 1427 556 1676 624; x_wconf 61' lang='lat' dir='ltr'><strong>probitatem</strong></span> <span class='ocrx_word' id='word_1_36' title='bbox 1707 583 1767 610; x_wconf 90' lang='lat' dir='ltr'><strong>se-</strong></span> 
     </span>
     <span class='ocr_line' id='line_1_6' title="bbox 279 651 1764 708; baseline 0.001 -17"><span class='ocrx_word' id='word_1_37' title='bbox 279 659 503 707; x_wconf 73' lang='lat' dir='ltr'><strong>querentur,</strong></span> <span class='ocrx_word' id='word_1_38' title='bbox 539 665 624 692; x_wconf 88' lang='lat' dir='ltr'><strong>eum</strong></span> <span class='ocrx_word' id='word_1_39' title='bbox 658 659 831 693; x_wconf 86' lang='lat' dir='ltr'><strong>anteacta</strong></span> <span class='ocrx_word' id='word_1_40' title='bbox 865 651 991 692; x_wconf 89' lang='lat' dir='ltr'><strong>dilecti</strong></span> <span class='ocrx_word' id='word_1_41' title='bbox 1024 652 1163 708; x_wconf 89' lang='lat' dir='ltr'><strong>populi</strong></span> <span class='ocrx_word' id='word_1_42' title='bbox 1193 652 1359 693; x_wconf 90' lang='lat' dir='ltr'><strong>historia</strong></span> <span class='ocrx_word' id='word_1_43' title='bbox 1383 661 1420 693; x_wconf 89' lang='lat' dir='ltr'><strong>et</strong></span> <span class='ocrx_word' id='word_1_44' title='bbox 1449 666 1535 693; x_wconf 90' lang='lat' dir='ltr'><strong>cum</strong></span> <span class='ocrx_word' id='word_1_45' title='bbox 1557 653 1764 708; x_wconf 80' lang='lat' dir='ltr'><strong>praesenti,</strong></span> 
     </span>
     <span class='ocr_line' id='line_1_7' title="bbox 279 727 1764 791; baseline 0.001 -16"><span class='ocrx_word' id='word_1_46' title='bbox 279 734 402 790; x_wconf 91' lang='lat' dir='ltr'><strong>qualis</strong></span> <span class='ocrx_word' id='word_1_47' title='bbox 445 733 517 775; x_wconf 89' lang='lat' dir='ltr'><strong>sub</strong></span> <span class='ocrx_word' id='word_1_48' title='bbox 552 733 765 776; x_wconf 86' lang='lat' dir='ltr'><strong>Solomone</strong></span> <span class='ocrx_word' id='word_1_49' title='bbox 798 734 890 785; x_wconf 84' lang='lat' dir='ltr'><strong>fuit,</strong></span> <span class='ocrx_word' id='word_1_50' title='bbox 932 727 1131 776; x_wconf 24' lang='lat' dir='ltr'><strong>faust&#39;itate</strong></span> <span class='ocrx_word' id='word_1_51' title='bbox 1171 736 1379 791; x_wconf 84' lang='lat' dir='ltr'><strong>conjuncta</strong></span> <span class='ocrx_word' id='word_1_52' title='bbox 1415 750 1497 777; x_wconf 91' lang='lat' dir='ltr'><strong>esse</strong></span> <span class='ocrx_word' id='word_1_53' title='bbox 1531 735 1764 777; x_wconf 85' lang='lat' dir='ltr'><strong>ostenderet.</strong></span> 
     </span>
     <span class='ocr_line' id='line_1_8' title="bbox 281 817 1764 876; baseline 0.001 -18"><span class='ocrx_word' id='word_1_54' title='bbox 281 817 386 871; x_wconf 78' lang='lat' dir='ltr'><strong>Quid</strong></span> <span class='ocrx_word' id='word_1_55' title='bbox 417 820 537 874; x_wconf 89' lang='lat' dir='ltr'><strong>igitur</strong></span> <span class='ocrx_word' id='word_1_56' title='bbox 567 818 848 875; x_wconf 78' lang='lat' dir='ltr'><strong>significantius</strong></span> <span class='ocrx_word' id='word_1_57' title='bbox 881 817 992 868; x_wconf 89' lang='lat' dir='ltr'><strong>soret,</strong></span> <span class='ocrx_word' id='word_1_58' title='bbox 1028 833 1143 875; x_wconf 80' lang='lat' dir='ltr'><strong>quam</strong></span> <span class='ocrx_word' id='word_1_59' title='bbox 1174 827 1298 860; x_wconf 78' lang='lat' dir='ltr'><strong>vatem</strong></span> <span class='ocrx_word' id='word_1_60' title='bbox 1334 834 1506 869; x_wconf 81' lang='lat' dir='ltr'><strong>avarum,</strong></span> <span class='ocrx_word' id='word_1_61' title='bbox 1539 819 1764 876; x_wconf 89' lang='lat' dir='ltr'><strong>malignum,</strong></span> 
     </span>
     <span class='ocr_line' id='line_1_9' title="bbox 279 901 1767 958; baseline 0.001 -17"><span class='ocrx_word' id='word_1_62' title='bbox 279 902 473 942; x_wconf 87' lang='lat' dir='ltr'><strong>inimicum</strong></span> <span class='ocrx_word' id='word_1_63' title='bbox 508 902 691 943; x_wconf 75' lang='lat' dir='ltr'><strong>exhibere</strong></span> <span class='ocrx_word' id='word_1_64' title='bbox 725 917 743 943; x_wconf 92' lang='lat' dir='ltr'><strong>e</strong></span> <span class='ocrx_word' id='word_1_65' title='bbox 776 917 925 944; x_wconf 88' lang='lat' dir='ltr'><strong>summa</strong></span> <span class='ocrx_word' id='word_1_66' title='bbox 956 917 1054 958; x_wconf 88' lang='lat' dir='ltr'><strong>rupe</strong></span> <span class='ocrx_word' id='word_1_67' title='bbox 1087 904 1124 943; x_wconf 90' lang='lat' dir='ltr'><strong>in</strong></span> <span class='ocrx_word' id='word_1_68' title='bbox 1148 902 1407 943; x_wconf 86' lang='lat' dir='ltr'><strong>Israelitarum</strong></span> <span class='ocrx_word' id='word_1_69' title='bbox 1436 904 1605 943; x_wconf 84' lang='lat' dir='ltr'><strong>tentoria</strong></span> <span class='ocrx_word' id='word_1_70' title='bbox 1637 901 1767 958; x_wconf 87' lang='lat' dir='ltr'><strong>despi—</strong></span> 
     </span>
     <span class='ocr_line' id='line_1_10' title="bbox 280 983 1766 1042; baseline 0.001 -17"><span class='ocrx_word' id='word_1_71' title='bbox 280 987 440 1026; x_wconf 84' lang='lat' dir='ltr'><strong>cientem</strong></span> <span class='ocrx_word' id='word_1_72' title='bbox 489 994 605 1042; x_wconf 87' lang='lat' dir='ltr'><strong>atque</strong></span> <span class='ocrx_word' id='word_1_73' title='bbox 645 985 733 1027; x_wconf 89' lang='lat' dir='ltr'><strong>inde</strong></span> <span class='ocrx_word' id='word_1_74' title='bbox 776 986 822 1026; x_wconf 91' lang='lat' dir='ltr'><strong>de</strong></span> <span class='ocrx_word' id='word_1_75' title='bbox 869 985 1066 1042; x_wconf 84' lang='lat' dir='ltr'><strong>probitate</strong></span> <span class='ocrx_word' id='word_1_76' title='bbox 1115 1000 1249 1026; x_wconf 89' lang='lat' dir='ltr'><strong>corum</strong></span> <span class='ocrx_word' id='word_1_77' title='bbox 1298 994 1336 1027; x_wconf 91' lang='lat' dir='ltr'><strong>ct</strong></span> <span class='ocrx_word' id='word_1_78' title='bbox 1378 993 1543 1026; x_wconf 85' lang='lat' dir='ltr'><strong>ventura</strong></span> <span class='ocrx_word' id='word_1_79' title='bbox 1588 983 1766 1026; x_wconf 87' lang='lat' dir='ltr'><strong>felicitate</strong></span> 
     </span>
     <span class='ocr_line' id='line_1_11' title="bbox 280 1068 1766 1126; baseline 0.001 -17"><span class='ocrx_word' id='word_1_80' title='bbox 280 1069 604 1110; x_wconf 73' lang='lat' dir='ltr'><strong>concionantem?</strong></span> <span class='ocrx_word' id='word_1_81' title='bbox 679 1069 741 1110; x_wconf 75' lang='lat' dir='ltr'><strong>Ex</strong></span> <span class='ocrx_word' id='word_1_82' title='bbox 781 1071 836 1110; x_wconf 88' lang='lat' dir='ltr'><strong>rei</strong></span> <span class='ocrx_word' id='word_1_83' title='bbox 876 1071 1000 1125; x_wconf 91' lang='lat' dir='ltr'><strong>ipsius</strong></span> <span class='ocrx_word' id='word_1_84' title='bbox 1040 1077 1180 1111; x_wconf 88' lang='lat' dir='ltr'><strong>natura</strong></span> <span class='ocrx_word' id='word_1_85' title='bbox 1227 1069 1349 1126; x_wconf 88' lang='lat' dir='ltr'><strong>liquet</strong></span> <span class='ocrx_word' id='word_1_86' title='bbox 1394 1068 1494 1110; x_wconf 86' lang='lat' dir='ltr'><strong>hanc</strong></span> <span class='ocrx_word' id='word_1_87' title='bbox 1539 1069 1766 1110; x_wconf 88' lang='lat' dir='ltr'><strong>cantilenam</strong></span> 
     </span>
     <span class='ocr_line' id='line_1_12' title="bbox 279 1151 1766 1212; baseline 0.001 -20"><span class='ocrx_word' id='word_1_88' title='bbox 279 1152 505 1212; x_wconf 86' lang='lat' dir='ltr'><strong>simpliciter</strong></span> <span class='ocrx_word' id='word_1_89' title='bbox 540 1155 734 1209; x_wconf 87' lang='lat' dir='ltr'><strong>poetieam</strong></span> <span class='ocrx_word' id='word_1_90' title='bbox 773 1167 856 1194; x_wconf 89' lang='lat' dir='ltr'><strong>esse</strong></span> <span class='ocrx_word' id='word_1_91' title='bbox 897 1161 934 1194; x_wconf 91' lang='lat' dir='ltr'><strong>et</strong></span> <span class='ocrx_word' id='word_1_92' title='bbox 973 1153 1188 1194; x_wconf 88' lang='lat' dir='ltr'><strong>confictam.</strong></span> <span class='ocrx_word' id='word_1_93' title='bbox 1264 1151 1360 1206; x_wconf 76' lang='lat' dir='ltr'><strong>Quis</strong></span> <span class='ocrx_word' id='word_1_94' title='bbox 1407 1154 1507 1193; x_wconf 87' lang='lat' dir='ltr'><strong>enim</strong></span> <span class='ocrx_word' id='word_1_95' title='bbox 1548 1166 1597 1193; x_wconf 76' lang='lat' dir='ltr'><strong>ex</strong></span> <span class='ocrx_word' id='word_1_96' title='bbox 1634 1154 1766 1194; x_wconf 88' lang='lat' dir='ltr'><strong>amicis</strong></span> 
     </span>
     <span class='ocr_line' id='line_1_13' title="bbox 277 1235 1767 1293; baseline 0.001 -17"><span class='ocrx_word' id='word_1_97' title='bbox 277 1235 536 1277; x_wconf 86' lang='lat' dir='ltr'><strong>Israelitarum</strong></span> <span class='ocrx_word' id='word_1_98' title='bbox 568 1237 643 1278; x_wconf 82' lang='lat' dir='ltr'><strong>tale</strong></span> <span class='ocrx_word' id='word_1_99' title='bbox 674 1238 939 1293; x_wconf 84' lang='lat' dir='ltr'><strong>praeconium,</strong></span> <span class='ocrx_word' id='word_1_100' title='bbox 974 1239 1159 1278; x_wconf 85' lang='lat' dir='ltr'><strong>assistens</strong></span> <span class='ocrx_word' id='word_1_101' title='bbox 1191 1236 1420 1293; x_wconf 82' lang='lat' dir='ltr'><strong>prophetae,</strong></span> <span class='ocrx_word' id='word_1_102' title='bbox 1455 1237 1579 1292; x_wconf 91' lang='lat' dir='ltr'><strong>ipsius</strong></span> <span class='ocrx_word' id='word_1_103' title='bbox 1603 1250 1669 1277; x_wconf 89' lang='lat' dir='ltr'><strong>ore</strong></span> <span class='ocrx_word' id='word_1_104' title='bbox 1699 1251 1767 1278; x_wconf 83' lang='lat' dir='ltr'><strong>ex-</strong></span> 
     </span>
     <span class='ocr_line' id='line_1_14' title="bbox 280 1319 1765 1377; baseline 0.001 -18"><span class='ocrx_word' id='word_1_105' title='bbox 280 1327 434 1375; x_wconf 89' lang='lat' dir='ltr'><strong>ceptum</strong></span> <span class='ocrx_word' id='word_1_106' title='bbox 474 1319 611 1361; x_wconf 88' lang='lat' dir='ltr'><strong>litteris</strong></span> <span class='ocrx_word' id='word_1_107' title='bbox 652 1320 882 1362; x_wconf 79' lang='lat' dir='ltr'><strong>mandaret?</strong></span> <span class='ocrx_word' id='word_1_108' title='bbox 943 1320 1080 1377; x_wconf 87' lang='lat' dir='ltr'><strong>Neque</strong></span> <span class='ocrx_word' id='word_1_109' title='bbox 1121 1323 1222 1361; x_wconf 88' lang='lat' dir='ltr'><strong>enim</strong></span> <span class='ocrx_word' id='word_1_110' title='bbox 1253 1319 1314 1360; x_wconf 85' lang='lat' dir='ltr'><strong>vel</strong></span> <span class='ocrx_word' id='word_1_111' title='bbox 1353 1321 1436 1375; x_wconf 89' lang='lat' dir='ltr'><strong>ipse</strong></span> <span class='ocrx_word' id='word_1_112' title='bbox 1475 1320 1536 1361; x_wconf 84' lang='lat' dir='ltr'><strong>vel</strong></span> <span class='ocrx_word' id='word_1_113' title='bbox 1565 1319 1765 1376; x_wconf 85' lang='lat' dir='ltr'><strong>Balaquus</strong></span> 
     </span>
     <span class='ocr_line' id='line_1_15' title="bbox 279 1402 1766 1463; baseline 0 -20"><span class='ocrx_word' id='word_1_114' title='bbox 279 1402 375 1443; x_wconf 91' lang='lat' dir='ltr'><strong>illud</strong></span> <span class='ocrx_word' id='word_1_115' title='bbox 407 1402 481 1444; x_wconf 89' lang='lat' dir='ltr'><strong>sihi</strong></span> <span class='ocrx_word' id='word_1_116' title='bbox 513 1418 656 1445; x_wconf 87' lang='lat' dir='ltr'><strong>munus</strong></span> <span class='ocrx_word' id='word_1_117' title='bbox 690 1406 838 1461; x_wconf 89' lang='lat' dir='ltr'><strong>imponi</strong></span> <span class='ocrx_word' id='word_1_118' title='bbox 871 1406 1038 1445; x_wconf 83' lang='lat' dir='ltr'><strong>sivisset.</strong></span> <span class='ocrx_word' id='word_1_119' title='bbox 1090 1403 1131 1445; x_wconf 84' lang='lat' dir='ltr'><strong>Si</strong></span> <span class='ocrx_word' id='word_1_120' title='bbox 1165 1405 1252 1463; x_wconf 87' lang='lat' dir='ltr'><strong>quis</strong></span> <span class='ocrx_word' id='word_1_121' title='bbox 1278 1402 1396 1444; x_wconf 90' lang='lat' dir='ltr'><strong>hodie</strong></span> <span class='ocrx_word' id='word_1_122' title='bbox 1419 1404 1528 1452; x_wconf 82' lang='lat' dir='ltr'><strong>vivit,</strong></span> <span class='ocrx_word' id='word_1_123' title='bbox 1562 1405 1628 1460; x_wconf 91' lang='lat' dir='ltr'><strong>qui</strong></span> <span class='ocrx_word' id='word_1_124' title='bbox 1652 1405 1766 1459; x_wconf 89' lang='lat' dir='ltr'><strong>ipsis-</strong></span> 
     </span>
     <span class='ocr_line' id='line_1_16' title="bbox 280 1486 1766 1544; baseline 0 -17"><span class='ocrx_word' id='word_1_125' title='bbox 280 1488 376 1527; x_wconf 89' lang='lat' dir='ltr'><strong>sima</strong></span> <span class='ocrx_word' id='word_1_126' title='bbox 406 1487 567 1529; x_wconf 87' lang='lat' dir='ltr'><strong>Bileami</strong></span> <span class='ocrx_word' id='word_1_127' title='bbox 605 1487 725 1529; x_wconf 81' lang='lat' dir='ltr'><strong>verba</strong></span> <span class='ocrx_word' id='word_1_128' title='bbox 763 1490 971 1529; x_wconf 79' lang='lat' dir='ltr'><strong>memoriae</strong></span> <span class='ocrx_word' id='word_1_129' title='bbox 1009 1486 1168 1544; x_wconf 84' lang='lat' dir='ltr'><strong>prodita</strong></span> <span class='ocrx_word' id='word_1_130' title='bbox 1206 1486 1326 1528; x_wconf 88' lang='lat' dir='ltr'><strong>suisse</strong></span> <span class='ocrx_word' id='word_1_131' title='bbox 1368 1488 1582 1536; x_wconf 84' lang='lat' dir='ltr'><strong>existimat,</strong></span> <span class='ocrx_word' id='word_1_132' title='bbox 1623 1488 1655 1527; x_wconf 90' lang='lat' dir='ltr'><strong>is</strong></span> <span class='ocrx_word' id='word_1_133' title='bbox 1695 1500 1766 1527; x_wconf 91' lang='lat' dir='ltr'><strong>sua</strong></span> 
     </span>
     <span class='ocr_line' id='line_1_17' title="bbox 280 1569 1766 1628; baseline 0 -17"><span class='ocrx_word' id='word_1_134' title='bbox 280 1573 489 1621; x_wconf 86' lang='lat' dir='ltr'><strong>sententia,</strong></span> <span class='ocrx_word' id='word_1_135' title='bbox 523 1586 593 1628; x_wconf 87' lang='lat' dir='ltr'><strong>per</strong></span> <span class='ocrx_word' id='word_1_136' title='bbox 624 1586 683 1612; x_wconf 90' lang='lat' dir='ltr'><strong>me</strong></span> <span class='ocrx_word' id='word_1_137' title='bbox 715 1571 822 1621; x_wconf 86' lang='lat' dir='ltr'><strong>lieet,</strong></span> <span class='ocrx_word' id='word_1_138' title='bbox 863 1571 1059 1612; x_wconf 83' lang='lat' dir='ltr'><strong>abutatur.</strong></span> <span class='ocrx_word' id='word_1_139' title='bbox 1122 1569 1313 1626; x_wconf 87' lang='lat' dir='ltr'><strong>Equidem</strong></span> <span class='ocrx_word' id='word_1_140' title='bbox 1346 1572 1439 1611; x_wconf 88' lang='lat' dir='ltr'><strong>satis</strong></span> <span class='ocrx_word' id='word_1_141' title='bbox 1472 1569 1625 1611; x_wconf 89' lang='lat' dir='ltr'><strong>habebo</strong></span> <span class='ocrx_word' id='word_1_142' title='bbox 1656 1569 1766 1611; x_wconf 89' lang='lat' dir='ltr'><strong>brevi</strong></span> 
     </span>
     <span class='ocr_line' id='line_1_18' title="bbox 281 1651 1767 1711; baseline -0.001 -16"><span class='ocrx_word' id='word_1_143' title='bbox 281 1654 601 1711; x_wconf 83' lang='lat' dir='ltr'><strong>comprobatione</strong></span> <span class='ocrx_word' id='word_1_144' title='bbox 635 1655 944 1696; x_wconf 83' lang='lat' dir='ltr'><strong>demonstrasse:</strong></span> <span class='ocrx_word' id='word_1_145' title='bbox 994 1651 1052 1708; x_wconf 80' lang='lat' dir='ltr'><strong>(a)</strong></span> <span class='ocrx_word' id='word_1_146' title='bbox 1084 1653 1245 1695; x_wconf 85' lang='lat' dir='ltr'><strong>Bileami</strong></span> <span class='ocrx_word' id='word_1_147' title='bbox 1277 1655 1501 1694; x_wconf 88' lang='lat' dir='ltr'><strong>vaticinium</strong></span> <span class='ocrx_word' id='word_1_148' title='bbox 1542 1653 1616 1695; x_wconf 88' lang='lat' dir='ltr'><strong>sub</strong></span> <span class='ocrx_word' id='word_1_149' title='bbox 1649 1652 1767 1695; x_wconf 90' lang='lat' dir='ltr'><strong>Solo-</strong></span> 
     </span>
     <span class='ocr_line' id='line_1_19' title="bbox 280 1736 1766 1794; baseline -0.001 -15"><span class='ocrx_word' id='word_1_150' title='bbox 280 1753 393 1779; x_wconf 90' lang='lat' dir='ltr'><strong>mone</strong></span> <span class='ocrx_word' id='word_1_151' title='bbox 426 1740 614 1794; x_wconf 87' lang='lat' dir='ltr'><strong>seriptum</strong></span> <span class='ocrx_word' id='word_1_152' title='bbox 647 1753 742 1789; x_wconf 84' lang='lat' dir='ltr'><strong>esse,</strong></span> <span class='ocrx_word' id='word_1_153' title='bbox 778 1736 834 1792; x_wconf 78' lang='lat' dir='ltr'><strong>(b)</strong></span> <span class='ocrx_word' id='word_1_154' title='bbox 867 1747 905 1781; x_wconf 91' lang='lat' dir='ltr'><strong>et</strong></span> <span class='ocrx_word' id='word_1_155' title='bbox 935 1738 985 1780; x_wconf 88' lang='lat' dir='ltr'><strong>ad</strong></span> <span class='ocrx_word' id='word_1_156' title='bbox 1014 1738 1221 1791; x_wconf 74' lang='lat' dir='ltr'><strong>Jasharani</strong></span> <span class='ocrx_word' id='word_1_157' title='bbox 1251 1738 1340 1779; x_wconf 87' lang='lat' dir='ltr'><strong>libri</strong></span> <span class='ocrx_word' id='word_1_158' title='bbox 1374 1745 1645 1794; x_wconf 83' lang='lat' dir='ltr'><strong>argumentum</strong></span> <span class='ocrx_word' id='word_1_159' title='bbox 1677 1736 1766 1778; x_wconf 83' lang='lat' dir='ltr'><strong>data</strong></span> 
     </span>
     <span class='ocr_line' id='line_1_20' title="bbox 281 1831 617 1879; baseline 0.003 -17"><span class='ocrx_word' id='word_1_160' title='bbox 281 1837 399 1879; x_wconf 84' lang='lat' dir='ltr'><strong>opera</strong></span> <span class='ocrx_word' id='word_1_161' title='bbox 431 1831 617 1879; x_wconf 83' lang='lat' dir='ltr'><strong>spectare.</strong></span> 
     </span>
    </p>

    <p class='ocr_par' dir='ltr' id='par_1_3' title="bbox 280 1903 1767 2038">
     <span class='ocr_line' id='line_1_21' title="bbox 399 1903 1767 1962; baseline -0.001 -15"><span class='ocrx_word' id='word_1_162' title='bbox 399 1903 440 1959; x_wconf 80' lang='lat' dir='ltr'><strong>a)</strong></span> <span class='ocrx_word' id='word_1_163' title='bbox 482 1906 567 1947; x_wconf 93' lang='lat' dir='ltr'><strong>Hoc</strong></span> <span class='ocrx_word' id='word_1_164' title='bbox 589 1907 816 1947; x_wconf 85' lang='lat' dir='ltr'><strong>vaticinium</strong></span> <span class='ocrx_word' id='word_1_165' title='bbox 847 1921 928 1948; x_wconf 90' lang='lat' dir='ltr'><strong>non</strong></span> <span class='ocrx_word' id='word_1_166' title='bbox 961 1907 1149 1962; x_wconf 88' lang='lat' dir='ltr'><strong>seriptum</strong></span> <span class='ocrx_word' id='word_1_167' title='bbox 1181 1920 1264 1947; x_wconf 87' lang='lat' dir='ltr'><strong>esse</strong></span> <span class='ocrx_word' id='word_1_168' title='bbox 1297 1911 1389 1947; x_wconf 72' lang='lat' dir='ltr'><strong>ante</strong></span> <span class='ocrx_word' id='word_1_169' title='bbox 1412 1903 1663 1947; x_wconf 80' lang='lat' dir='ltr'><strong>solomonem</strong></span> <span class='ocrx_word' id='word_1_170' title='bbox 1686 1919 1767 1946; x_wconf 80' lang='lat' dir='ltr'><strong>cer-</strong></span> 
     </span>
     <span class='ocr_line' id='line_1_22' title="bbox 280 1987 1766 2038; baseline 0 -9"><span class='ocrx_word' id='word_1_171' title='bbox 280 1991 471 2030; x_wconf 88' lang='lat' dir='ltr'><strong>tissimum</strong></span> <span class='ocrx_word' id='word_1_172' title='bbox 511 1997 581 2030; x_wconf 88' lang='lat' dir='ltr'><strong>est.</strong></span> <span class='ocrx_word' id='word_1_173' title='bbox 644 1988 743 2030; x_wconf 89' lang='lat' dir='ltr'><strong>Nam</strong></span> <span class='ocrx_word' id='word_1_174' title='bbox 775 1992 814 2030; x_wconf 89' lang='lat' dir='ltr'><strong>in</strong></span> <span class='ocrx_word' id='word_1_175' title='bbox 846 1989 961 2031; x_wconf 90' lang='lat' dir='ltr'><strong>Num.</strong></span> <span class='ocrx_word' id='word_1_176' title='bbox 985 1989 1131 2038; x_wconf 87' lang='lat' dir='ltr'><strong>XXIV,</strong></span> <span class='ocrx_word' id='word_1_177' title='bbox 1158 1988 1181 2029; x_wconf 88' lang='lat'><strong>3</strong></span> <span class='ocrx_word' id='word_1_178' title='bbox 1223 1987 1424 2029; x_wconf 84' lang='lat' dir='ltr'><strong>indubiam</strong></span> <span class='ocrx_word' id='word_1_179' title='bbox 1460 1987 1649 2030; x_wconf 88' lang='lat' dir='ltr'><strong>habemus</strong></span> <span class='ocrx_word' id='word_1_180' title='bbox 1681 1990 1766 2029; x_wconf 86' lang='lat' dir='ltr'><strong>imi-</strong></span> 
     </span>
    </p>
   </div>
   <div class='ocr_carea' id='block_1_3' title="bbox 279 2071 1765 2130">
    <p class='ocr_par' dir='ltr' id='par_1_4' title="bbox 279 2071 1765 2130">
     <span class='ocr_line' id='line_1_23' title="bbox 279 2071 1765 2130; baseline 0 -17"><span class='ocrx_word' id='word_1_181' title='bbox 279 2074 466 2114; x_wconf 85' lang='lat' dir='ltr'><strong>tationem</strong></span> <span class='ocrx_word' id='word_1_182' title='bbox 505 2071 716 2114; x_wconf 81' lang='lat' dir='ltr'><strong>verborum</strong></span> <span class='ocrx_word' id='word_1_183' title='bbox 759 2088 915 2124; x_wconf 85' lang='lat' dir='ltr'><strong>eorum,</strong></span> <span class='ocrx_word' id='word_1_184' title='bbox 958 2088 1056 2130; x_wconf 84' lang='lat' dir='ltr'><strong>quae</strong></span> <span class='ocrx_word' id='word_1_185' title='bbox 1088 2072 1258 2113; x_wconf 81' lang='lat' dir='ltr'><strong>Davidcs</strong></span> <span class='ocrx_word' id='word_1_186' title='bbox 1299 2071 1348 2113; x_wconf 89' lang='lat' dir='ltr'><strong>ad</strong></span> <span class='ocrx_word' id='word_1_187' title='bbox 1386 2071 1500 2113; x_wconf 89' lang='lat' dir='ltr'><strong>finem</strong></span> <span class='ocrx_word' id='word_1_188' title='bbox 1532 2074 1634 2113; x_wconf 82' lang='lat' dir='ltr'><strong>vitae</strong></span> <span class='ocrx_word' id='word_1_189' title='bbox 1673 2086 1765 2113; x_wconf 84' lang='lat' dir='ltr'><strong>suae</strong></span> 
     </span>
    </p>
   </div>
   <div class='ocr_carea' id='block_1_4' title="bbox 280 2153 1765 2224">
    <p class='ocr_par' dir='ltr' id='par_1_5' title="bbox 280 2153 1765 2224">
     <span class='ocr_line' id='line_1_24' title="bbox 280 2153 1765 2224; baseline 0 -28"><span class='ocrx_word' id='word_1_190' title='bbox 280 2158 504 2212; x_wconf 83' lang='lat' dir='ltr'><strong>composuit</strong></span> <span class='ocrx_word' id='word_1_191' title='bbox 536 2153 578 2209; x_wconf 82' lang='lat'><strong>(2</strong></span> <span class='ocrx_word' id='word_1_192' title='bbox 602 2155 707 2197; x_wconf 86' lang='lat' dir='ltr'><strong>Sam.</strong></span> <span class='ocrx_word' id='word_1_193' title='bbox 730 2156 878 2207; x_wconf 90' lang='lat' dir='ltr'><strong>XXIII,</strong></span> <span class='ocrx_word' id='word_1_194' title='bbox 907 2154 961 2210; x_wconf 87' lang='lat'><strong>1).</strong></span> <span class='ocrx_word' id='word_1_195' title='bbox 1026 2155 1068 2198; x_wconf 84' lang='lat' dir='ltr'><strong>Si</strong></span> <span class='ocrx_word' id='word_1_196' title='bbox 1100 2155 1219 2197; x_wconf 86' lang='lat' dir='ltr'><strong>verba</strong></span> <span class='ocrx_word' id='word_1_197' title='bbox 1257 2157 1343 2212; x_wconf 86' lang='lat' dir='ltr'><strong>ipsa</strong></span> <span class='ocrx_word' id='word_1_198' title='bbox 1373 2157 1499 2196; x_wconf 86' lang='lat' dir='ltr'><strong>nostri</strong></span> <span class='ocrx_word' id='word_1_199' title='bbox 1530 2155 1624 2196; x_wconf 84' lang='lat' dir='ltr'><strong>loci:</strong></span> <span class='ocrx_word' id='word_1_200' title='bbox 1665 2157 1765 2224; x_wconf 58' lang='grc' dir='ltr'><strong>Ε8ξ</strong></span> 
     </span>
    </p>
   </div>
   <div class='ocr_carea' id='block_1_5' title="bbox 278 2223 1764 2396">
    <p class='ocr_par' dir='ltr' id='par_1_6' title="bbox 278 2223 1764 2391">
     <span class='ocr_line' id='line_1_25' title="bbox 280 2223 1764 2309; baseline -0.004 -25"><span class='ocrx_word' id='word_1_201' title='bbox 280 2243 386 2306; x_wconf 61' lang='lat' dir='ltr'><strong>pyri</strong></span> <span class='ocrx_word' id='word_1_202' title='bbox 426 2236 548 2283; x_wconf 69' lang='lat' dir='ltr'><strong>nnw</strong></span> <span class='ocrx_word' id='word_1_203' title='bbox 590 2244 720 2306; x_wconf 54' lang='lat'>3333</span> <span class='ocrx_word' id='word_1_204' title='bbox 760 2243 882 2309; x_wconf 59' lang='lat'><strong>0⁸3³</strong></span> <span class='ocrx_word' id='word_1_205' title='bbox 922 2235 1026 2308; x_wconf 55' lang='lat'>5³13</span> <span class='ocrx_word' id='word_1_206' title='bbox 1068 2234 1150 2308; x_wconf 62' lang='lat'>5:³3</span> <span class='ocrx_word' id='word_1_207' title='bbox 1189 2223 1335 2305; x_wconf 58' lang='lat' dir='ltr'><strong>nm</strong></span> <span class='ocrx_word' id='word_1_208' title='bbox 1375 2253 1462 2280; x_wconf 75' lang='lat' dir='ltr'><strong>cum</strong></span> <span class='ocrx_word' id='word_1_209' title='bbox 1498 2240 1581 2279; x_wconf 70' lang='lat' dir='ltr'><strong>istis</strong></span> <span class='ocrx_word' id='word_1_210' title='bbox 1614 2237 1764 2279; x_wconf 73' lang='lat' dir='ltr'><strong>verbi-s</strong></span> 
     </span>
     <span class='ocr_line' id='line_1_26' title="bbox 278 2292 1764 2396; baseline -0.004 -29"><span class='ocrx_word' id='word_1_211' title='bbox 278 2292 347 2390; x_wconf 55' lang='lat'><strong>¹7?</strong></span> <span class='ocrx_word' id='word_1_212' title='bbox 387 2326 497 2396; x_wconf 40' lang='lat' dir='ltr'><strong>Dp*</strong></span> <span class='ocrx_word' id='word_1_213' title='bbox 537 2325 668 2390; x_wconf 55' lang='grc' dir='ltr'><strong>ἾζῦξΠ</strong></span> <span class='ocrx_word' id='word_1_214' title='bbox 709 2326 828 2395; x_wconf 70' lang='grc' dir='ltr'><strong>Ε8ΞἾ</strong></span> <span class='ocrx_word' id='word_1_215' title='bbox 867 2320 1024 2390; x_wconf 33' lang='lat' dir='ltr'><strong>*ml-I:</strong></span> <span class='ocrx_word' id='word_1_216' title='bbox 1066 2326 1149 2368; x_wconf 71' lang='grc' dir='ltr'><strong>ἾἾἾ</strong></span> <span class='ocrx_word' id='word_1_217' title='bbox 1188 2292 1292 2382; x_wconf 37' lang='grc' dir='ltr'><strong>Ε83.</strong></span> <span class='ocrx_word' id='word_1_218' title='bbox 1322 2336 1542 2378; x_wconf 87' lang='lat' dir='ltr'><strong>comparas,</strong></span> <span class='ocrx_word' id='word_1_219' title='bbox 1583 2323 1652 2362; x_wconf 81' lang='lat' dir='ltr'><strong>vix</strong></span> <span class='ocrx_word' id='word_1_220' title='bbox 1682 2320 1764 2361; x_wconf 88' lang='lat' dir='ltr'><strong>fieri</strong></span> 
     </span>
    </p>
   </div>
   <div class='ocr_carea' id='block_1_6' title="bbox 278 2383 1764 2889">
    <p class='ocr_par' dir='ltr' id='par_1_7' title="bbox 278 2383 1764 2889">
     <span class='ocr_line' id='line_1_27' title="bbox 278 2383 1764 2462; baseline -0.001 -16"><span class='ocrx_word' id='word_1_221' title='bbox 278 2414 410 2462; x_wconf 87' lang='lat' dir='ltr'><strong>potest</strong></span> <span class='ocrx_word' id='word_1_222' title='bbox 442 2407 536 2462; x_wconf 91' lang='lat' dir='ltr'><strong>quin</strong></span> <span class='ocrx_word' id='word_1_223' title='bbox 569 2405 733 2447; x_wconf 85' lang='lat' dir='ltr'><strong>eundem</strong></span> <span class='ocrx_word' id='word_1_224' title='bbox 764 2408 803 2446; x_wconf 91' lang='lat' dir='ltr'><strong>in</strong></span> <span class='ocrx_word' id='word_1_225' title='bbox 834 2414 1004 2461; x_wconf 88' lang='lat' dir='ltr'><strong>utroque</strong></span> <span class='ocrx_word' id='word_1_226' title='bbox 1036 2406 1122 2446; x_wconf 92' lang='lat' dir='ltr'><strong>loco</strong></span> <span class='ocrx_word' id='word_1_227' title='bbox 1156 2383 1301 2460; x_wconf 83' lang='lat' dir='ltr'><strong>stylum</strong></span> <span class='ocrx_word' id='word_1_228' title='bbox 1334 2418 1537 2461; x_wconf 86' lang='lat' dir='ltr'><strong>agnoscas.</strong></span> <span class='ocrx_word' id='word_1_229' title='bbox 1584 2403 1640 2444; x_wconf 83' lang='lat' dir='ltr'><strong>At</strong></span> <span class='ocrx_word' id='word_1_230' title='bbox 1664 2405 1764 2444; x_wconf 87' lang='lat' dir='ltr'><strong>enim</strong></span> 
     </span>
     <span class='ocr_line' id='line_1_28' title="bbox 279 2487 1763 2545; baseline -0.002 -15"><span class='ocrx_word' id='word_1_231' title='bbox 279 2503 372 2530; x_wconf 83' lang='lat' dir='ltr'><strong>vcro</strong></span> <span class='ocrx_word' id='word_1_232' title='bbox 404 2488 449 2529; x_wconf 91' lang='grc' dir='ltr'><strong>Ε.</strong></span> <span class='ocrx_word' id='word_1_233' title='bbox 472 2488 543 2529; x_wconf 91' lang='lat' dir='ltr'>W</span> <span class='ocrx_word' id='word_1_234' title='bbox 565 2487 882 2545; x_wconf 85' lang='lat' dir='ltr'><strong>Hengstenberg,</strong></span> <span class='ocrx_word' id='word_1_235' title='bbox 926 2490 991 2544; x_wconf 89' lang='lat' dir='ltr'><strong>qui</strong></span> <span class='ocrx_word' id='word_1_236' title='bbox 1032 2487 1138 2528; x_wconf 90' lang='lat' dir='ltr'><strong>haud</strong></span> <span class='ocrx_word' id='word_1_237' title='bbox 1177 2487 1373 2528; x_wconf 88' lang='lat' dir='ltr'><strong>indoctam</strong></span> <span class='ocrx_word' id='word_1_238' title='bbox 1414 2487 1459 2528; x_wconf 90' lang='lat' dir='ltr'><strong>de</strong></span> <span class='ocrx_word' id='word_1_239' title='bbox 1499 2487 1575 2527; x_wconf 88' lang='lat' dir='ltr'><strong>hoc</strong></span> <span class='ocrx_word' id='word_1_240' title='bbox 1615 2489 1763 2528; x_wconf 88' lang='lat' dir='ltr'><strong>cantico</strong></span> 
     </span>
     <span class='ocr_line' id='line_1_29' title="bbox 280 2567 1763 2628; baseline 0 -16"><span class='ocrx_word' id='word_1_241' title='bbox 280 2571 584 2628; x_wconf 85' lang='lat' dir='ltr'><strong>disputationem</strong></span> <span class='ocrx_word' id='word_1_242' title='bbox 626 2571 767 2613; x_wconf 86' lang='lat' dir='ltr'><strong>abhinc</strong></span> <span class='ocrx_word' id='word_1_243' title='bbox 807 2571 1034 2614; x_wconf 84' lang='lat' dir='ltr'><strong>decennium</strong></span> <span class='ocrx_word' id='word_1_244' title='bbox 1074 2570 1194 2612; x_wconf 89' lang='lat' dir='ltr'><strong>edidit</strong></span> <span class='ocrx_word' id='word_1_245' title='bbox 1225 2567 1303 2623; x_wconf 89' lang='lat' dir='ltr'><strong>(die</strong></span> <span class='ocrx_word' id='word_1_246' title='bbox 1338 2569 1566 2612; x_wconf 85' lang='lat' dir='ltr'><strong>Gesehichtc</strong></span> <span class='ocrx_word' id='word_1_247' title='bbox 1597 2569 1763 2612; x_wconf 85' lang='lat' dir='ltr'><strong>Bileams</strong></span> 
     </span>
     <span class='ocr_line' id='line_1_30' title="bbox 279 2651 1762 2712; baseline -0.001 -17"><span class='ocrx_word' id='word_1_248' title='bbox 279 2655 361 2695; x_wconf 93' lang='lat' dir='ltr'><strong>und</strong></span> <span class='ocrx_word' id='word_1_249' title='bbox 394 2658 497 2696; x_wconf 89' lang='lat' dir='ltr'><strong>seine</strong></span> <span class='ocrx_word' id='word_1_250' title='bbox 518 2655 859 2712; x_wconf 86' lang='lat' dir='ltr'><strong>Weissagungen,</strong></span> <span class='ocrx_word' id='word_1_251' title='bbox 891 2655 1022 2696; x_wconf 88' lang='lat' dir='ltr'><strong>Berlin</strong></span> <span class='ocrx_word' id='word_1_252' title='bbox 1049 2651 1190 2707; x_wconf 80' lang='grc'>1842),</span> <span class='ocrx_word' id='word_1_253' title='bbox 1224 2653 1385 2695; x_wconf 82' lang='lat' dir='ltr'><strong>Davidis</strong></span> <span class='ocrx_word' id='word_1_254' title='bbox 1409 2653 1527 2695; x_wconf 84' lang='lat' dir='ltr'><strong>verba</strong></span> <span class='ocrx_word' id='word_1_255' title='bbox 1555 2669 1604 2695; x_wconf 84' lang='lat' dir='ltr'><strong>ex</strong></span> <span class='ocrx_word' id='word_1_256' title='bbox 1624 2662 1762 2695; x_wconf 89' lang='lat' dir='ltr'><strong>nostro</strong></span> 
     </span>
     <span class='ocr_line' id='line_1_31' title="bbox 279 2737 1764 2794; baseline -0.001 -15"><span class='ocrx_word' id='word_1_257' title='bbox 279 2738 365 2779; x_wconf 91' lang='lat' dir='ltr'><strong>loeo</strong></span> <span class='ocrx_word' id='word_1_258' title='bbox 407 2741 565 2780; x_wconf 88' lang='lat' dir='ltr'><strong>mutatis</strong></span> <span class='ocrx_word' id='word_1_259' title='bbox 607 2739 804 2780; x_wconf 86' lang='lat' dir='ltr'><strong>mutandis</strong></span> <span class='ocrx_word' id='word_1_260' title='bbox 846 2738 1050 2794; x_wconf 86' lang='lat' dir='ltr'><strong>desumpta</strong></span> <span class='ocrx_word' id='word_1_261' title='bbox 1090 2752 1172 2778; x_wconf 90' lang='lat' dir='ltr'><strong>esse</strong></span> <span class='ocrx_word' id='word_1_262' title='bbox 1211 2737 1354 2778; x_wconf 89' lang='lat' dir='ltr'><strong>idcirco</strong></span> <span class='ocrx_word' id='word_1_263' title='bbox 1395 2746 1527 2794; x_wconf 87' lang='lat' dir='ltr'><strong>putat,</strong></span> <span class='ocrx_word' id='word_1_264' title='bbox 1570 2739 1662 2793; x_wconf 91' lang='lat' dir='ltr'><strong>quia</strong></span> <span class='ocrx_word' id='word_1_265' title='bbox 1701 2737 1764 2777; x_wconf 90' lang='lat' dir='ltr'><strong>hic</strong></span> 
     </span>
     <span class='ocr_line' id='line_1_32' title="bbox 280 2816 1762 2889; baseline -0.001 -27"><span class='ocrx_word' id='word_1_266' title='bbox 280 2823 532 2863; x_wconf 87' lang='lat' dir='ltr'><strong>vetustiorem</strong></span> <span class='ocrx_word' id='word_1_267' title='bbox 573 2821 734 2864; x_wconf 86' lang='lat' dir='ltr'><strong>formam</strong></span> <span class='ocrx_word' id='word_1_268' title='bbox 776 2816 879 2880; x_wconf 53' lang='lat'><strong>522,</strong></span> <span class='ocrx_word' id='word_1_269' title='bbox 922 2821 976 2862; x_wconf 91' lang='lat' dir='ltr'><strong>ibi</strong></span> <span class='ocrx_word' id='word_1_270' title='bbox 1010 2835 1100 2863; x_wconf 88' lang='lat' dir='ltr'><strong>vero</strong></span> <span class='ocrx_word' id='word_1_271' title='bbox 1140 2822 1393 2862; x_wconf 83' lang='lat' dir='ltr'><strong>recentiorem</strong></span> <span class='ocrx_word' id='word_1_272' title='bbox 1431 2821 1508 2889; x_wconf 44' lang='lat' dir='ltr'><strong>ff}</strong></span> <span class='ocrx_word' id='word_1_273' title='bbox 1549 2821 1762 2876; x_wconf 90' lang='lat' dir='ltr'><strong>reperimus</strong></span> 
     </span>
    </p>
   </div>
   <div class='ocr_carea' id='block_1_7' title="bbox 281 2901 1764 2963">
    <p class='ocr_par' dir='ltr' id='par_1_8' title="bbox 281 2901 1764 2963">
     <span class='ocr_line' id='line_1_33' title="bbox 281 2901 1764 2963; baseline -0.001 -18"><span class='ocrx_word' id='word_1_274' title='bbox 281 2901 336 2961; x_wconf 87' lang='lat' dir='ltr'><strong>(p.</strong></span> <span class='ocrx_word' id='word_1_275' title='bbox 362 2902 474 2960; x_wconf 76' lang='lat'>134).</span> <span class='ocrx_word' id='word_1_276' title='bbox 521 2905 670 2948; x_wconf 85' lang='lat' dir='ltr'><strong>Eorum</strong></span> <span class='ocrx_word' id='word_1_277' title='bbox 701 2913 930 2963; x_wconf 84' lang='lat' dir='ltr'><strong>argumento</strong></span> <span class='ocrx_word' id='word_1_278' title='bbox 963 2906 1237 2956; x_wconf 88' lang='lat' dir='ltr'><strong>evinceremus‚</strong></span> <span class='ocrx_word' id='word_1_279' title='bbox 1271 2904 1312 2946; x_wconf 91' lang='lat' dir='ltr'><strong>id</strong></span> <span class='ocrx_word' id='word_1_280' title='bbox 1345 2902 1454 2961; x_wconf 84' lang='lat' dir='ltr'><strong>quod</strong></span> <span class='ocrx_word' id='word_1_281' title='bbox 1483 2905 1639 2946; x_wconf 87' lang='lat' dir='ltr'><strong>minime</strong></span> <span class='ocrx_word' id='word_1_282' title='bbox 1670 2917 1764 2945; x_wconf 88' lang='lat' dir='ltr'><strong>con-</strong></span> 
     </span>
    </p>
   </div>
  </div>
 </body>
</html>
