1867 3301
921 185 986 232 54

209 324 349 379 (Num.
375 325 506 376 XXV,
532 324 582 379 8)
616 309 881 394 ΠζΡῗὶ-ἧ8,
918 327 1027 383 qnod
1050 335 1210 368 vertunt
1239 329 1283 368 in
1315 340 1533 382 cameram,
1566 328 1699 386 ibique

209 409 351 450 framea
390 410 567 450 confodit
599 397 756 459 ambos,
799 410 998 451 mulierem
1030 419 1159 451 autem
1190 413 1365 478 ΤῆῙτἾίΞΡ.9
1402 411 1512 468 quod
1542 421 1702 454 vertunt

208 495 250 534 in
280 494 442 535 vulvcmz·
474 496 570 548 ejus.
632 494 768 534 Intime
800 496 921 550 igitur
953 494 1161 549 conjuncta
1194 503 1303 536 erant
1334 496 1444 562 HQ?
1467 493 1630 551 fornix,
1664 504 1702 538 et

207 572 336 646 ΠΖΞΡ,
372 578 524 618 cacitas
559 578 749 632 myrinae,
788 577 913 618 chald.
948 581 1119 645 ΠΣΞἾΡᾈ,
1155 578 1420 634 quaeambae
1442 566 1502 619 ¹ad
1532 578 1701 636 Belphe-

206 675 364 717 gorram
397 660 499 701 illam
533 663 811 702 scortationem
845 661 903 702 vel
936 661 1233 702 fornicationem
1264 661 1458 703 valebant.
1513 662 1568 703 At
1599 664 1701 704 enim

206 759 322 793 vero,
371 759 452 785 non
498 753 651 786 tantum
690 739 798 814 ΠὲΡ
840 747 921 786 sive
969 749 1121 812 ΠᾎΡΞ,
1173 745 1241 786 sed
1287 748 1402 786 etiam
1441 751 1547 814 :PH
1587 748 1701 802 quasi

204 828 453 884 peculiariter
493 828 538 869 de
577 828 757 869 foeminis
789 827 1005 885 praedicari
1036 836 1180 885 potest.
1244 828 1428 885 Legimus
1461 832 1562 870 enim
1594 829 1701 886 apud

205 911 411 953 Jeremiam
445 908 569 964 (XIII,
594 909 688 965 22):
726 911 806 953 »oh
838 912 1146 969 magnitudinem
1179 914 1348 953 criminis
1380 914 1438 953 tui
1469 921 1701 969 reteguntur

205 996 365 1036 laciniae
412 1004 523 1044 tuae,
574 995 765 1036 violenter
804 1004 1022 1037 tractantur
1060 998 1084 1036 i.
1117 1011 1148 1036 e.
1186 995 1396 1036 vendantur
1434 996 1702 1051 iynominiose

207 1083 367 1146 ἾᾩΡἩ
405 1079 569 1119 calcanei
609 1080 707 1119 tui«
772 1077 845 1120 Ubi
884 1079 1205 1120 Rosenmiillerus
1248 1078 1408 1120 calcium
1448 1080 1701 1122 violationem

206 1163 388 1219 intelligit
418 1163 568 1217 injectis
601 1162 876 1219 compedibus,
911 1165 1065 1219 captiva
1097 1161 1337 1204 abducenda.
1388 1161 1487 1213 Sed,
1522 1172 1567 1204 ut
1587 1163 1701 1205 Mau-

206 1260 317 1287 rerus
359 1254 461 1287 reete
496 1245 741 1295 observavit,
785 1248 992 1303 utriusque
1025 1246 1187 1287 membri
1219 1246 1319 1287 idem
1353 1245 1468 1288 debet
1497 1262 1581 1288 esse
1613 1262 1701 1289 sen-

207 1344 288 1370 sus.
354 1327 473 1382 Quod
507 1328 696 1371 Gesenius
726 1332 937 1371 'existimat
974 1345 1117 1372 meram
1157 1330 1317 1371 calcium
1356 1330 1611 1372 nudationem
1642 1333 1701 1372 in-

206 1412 454 1470 telligendam
487 1427 592 1462 esse,
628 1416 720 1470 quia
754 1413 873 1455 calces
906 1413 1094 1455 honestae
1116 1414 1288 1455 mulieris
1312 1422 1481 1470 syrmate
1503 1423 1698 1472 tegantur,

205 1495 247 1537 id
286 1511 425 1553 parum
463 1499 699 1554 ignominiae
733 1497 1019 1539 declaraturum
1052 1512 1134 1539 esse
1168 1500 1261 1538 satis
1295 1497 1538 1539 demonstrat
1568 1514 1605 1539 V.
1630 1497 1698 1549 26,

206 1578 275 1621 ubi
308 1580 492 1636 legimus:
527 1590 669 1638 »atque
702 1596 774 1638 ego
809 1582 947 1638 detego
972 1590 1145 1638 syrmata
1169 1591 1239 1623 tua
1259 1597 1383 1637 super
1394 1581 1554 1638 faciem
1574 1589 1699 1637 tuam,

208 1672 246 1705 et
277 1672 482 1705 cernentur
506 1664 708 1720 pudenda
740 1672 836 1706 tua«
869 1651 1086 1732 (ἾΞἿΙἻΡ);
1122 1664 1168 1706 cf.
1191 1663 1348 1706 Nahum
1367 1666 1436 1715 HI,
1463 1664 1506 1707 5:
1542 1674 1699 1722 »retego

207 1755 380 1804 syrmata
412 1756 481 1788 tua
511 1763 634 1803 super
656 1747 816 1804 faciem
847 1756 978 1802 tuam,
1014 1758 1052 1791 et
1082 1748 1213 1790 videre
1246 1748 1343 1790 facio
1377 1758 1512 1806 gentes
1544 1749 1702 1791 nudita-

206 1840 284 1873 tem
315 1840 423 1872 tuam
456 1828 646 1896 (ἾἾῌᾨ)
682 1840 720 1873 et
750 1847 869 1889 regna
893 1833 1097 1888 pudenda
1128 1839 1225 1874 tua«
1260 1815 1467 1900 (ἾΞἾΙἿΡ).
1516 1832 1701 1874 Similiter

206 1915 277 1957 les.
308 1915 375 1963 ΙΙΙ,
413 1913 478 1956 17.
527 1914 690 1964 XLVII,
724 1914 762 1956 3.
829 1915 981 1969 Quibus
1021 1916 1115 1957 locis
1149 1917 1249 1957 inter
1280 1931 1320 1957 se
1354 1916 1502 1957 collatis
1535 1915 1701 1957 efficitur

207 2012 342 2040 vocem
382 2001 489 2066 :pig
525 2013 574 2039 ex
604 2008 732 2040 mente
764 1998 950 2040 Jeremiae
983 2013 1066 2040 eam
1097 1999 1268 2041 mulieris
1301 2008 1451 2056 partem
1483 1999 1700 2056 significare

206 2097 345 2138 posse,
382 2096 480 2139 quae
513 2084 679 2123 maxime
714 2082 846 2139 obtegi
880 2091 996 2139 atque
1030 2083 1143 2124 celari
1176 2082 1324 2124 debeat.
1376 2082 1481 2137 Quid
1512 2082 1636 2124 vero?
1667 2085 1699 2124 si

208 2165 374 2222 denique
406 2170 512 2233 2¹72
546 2174 582 2207 et
613 2169 729 2233 ΞΡΞ,
765 2168 876 2207 initio
910 2168 1038 2215 vocis,
1073 2166 1183 2223 quod
1210 2166 1410 2208 Teutones
1442 2166 1600 2208 Anlaut
1629 2181 1701 2208 vo-

208 2258 314 2298 cant,
358 2263 475 2305 quam
514 2251 669 2290 minime
706 2251 931 2297 immutato,
974 2264 1092 2290 unam
1124 2249 1361 2307 eandemque
1393 2249 1601 2292 formulam
1632 2265 1701 2292 ex-

208 2331 362 2380 hibent,
412 2334 465 2373 ita
512 2340 556 2372 ut
603 2340 769 2388 utraque
811 2339 975 2373 antrum
1013 2333 1195 2373 mulieris
1233 2333 1418 2375 denotare
1458 2333 1603 2390 queat?
1656 2333 1699 2375 Si

208 2430 344 2458 verum
376 2414 638 2464 admittimus,
673 2415 781 2456 haud
812 2417 867 2456 ita
897 2415 1063 2457 multum
1095 2417 1256 2457 interest
1286 2418 1386 2458 iuter
1409 2417 1698 2458 articulationes

209 2503 242 2546 9
275 2507 313 2539 et
350 2503 392 2547 Ξ,
436 2513 602 2555 quarum
641 2507 808 2555 utraque
848 2513 919 2555 per
959 2513 1097 2540 nasum
1135 2498 1313 2548 effertur,
1357 2508 1520 2556 utraque
1551 2516 1625 2557 pro
1657 2515 1699 2543 re

208 2590 301 2622 nata
331 2581 420 2622 elidi
452 2583 534 2622 sive
568 2584 694 2623 omitti
725 2590 870 2638 potest.
923 2580 971 2624 Ut
1002 2597 1082 2623 uno
1106 2583 1298 2639 exemplo,
1333 2597 1459 2640 eoque
1481 2598 1553 2625 sua
1573 2586 1698 2640 ipsius

210 2679 348 2706 caussa
387 2667 499 2721 gravi
538 2680 582 2706 ac
613 2665 831 2715 luculento,
875 2665 1083 2723 defungar,
1127 2667 1256 2707 sciunt
1289 2681 1440 2716 omnes,
1483 2669 1550 2723 qui
1580 2665 1700 2708 Nine-

211 2746 396 2789 vensibus
418 2748 588 2804 Layardi
610 2751 872 2790 monumentis
897 2764 1055 2806 operam
1077 2749 1287 2798 dederunt,
1317 2752 1501 2792 statuisse
1522 2750 1699 2792 Rawlin-

212 2846 374 2880 sonum,
417 2846 454 2871 V.
489 2831 576 2881 cel.,
623 2829 811 2884 (Journal
845 2832 891 2873 of
916 2832 1020 2889 Roy.
1050 2832 1121 2874 As.
1154 2832 1244 2875 Soc.
1284 2834 1362 2874 vol.
1392 2834 1482 2883 XII,
1516 2849 1555 2890 p.
1587 2831 1697 2887 426)

211 2914 480 2968 Assaracum,
515 2929 709 2957 summum
737 2915 997 2971 Assyriorum
1028 2916 1173 2967 Deum,
1205 2932 1288 2959 11011
1319 2917 1437 2959 alium
1468 2932 1550 2960 esse
1581 2926 1698 2974 atque
