1867 3301
113 338 297 382 cationes,
333 335 539 377 homicidia
565 332 620 386 (et
641 333 798 382 similia,
828 348 925 388 quac
949 328 1188 384 c11umerat);
1224 332 1353 371 omnia
1378 330 1470 370 haec
1491 344 1612 385 prava

114 420 275 470 (πάντα
306 421 441 460 ταῦτα
472 415 522 459 τοὶ
558 414 790 471 πονηρὰ)
824 415 871 456 ab
905 418 1010 457 intus
1042 413 1284 472 procedunt,
1319 421 1357 454 et
1387 420 1515 454 totum
1539 412 1612 453 ho-

114 506 254 545 minem
287 504 569 560 coinquinant«
605 498 741 554 (Marc.
760 498 851 549 VH,
878 496 1084 552 21—23).

206 586 292 628 Tali
334 587 565 628 auctoritate
605 584 693 625 freti
735 582 974 625 confidenter
1008 595 1274 624 asseveremus
1307 580 1413 630 licet,
1460 593 1613 621 omnem

115 673 260 727 peccati
301 678 339 711 et
377 670 560 726 perniciei
600 667 748 709 fontem
789 675 826 708 ct
857 669 1057 708 materiam
1090 668 1129 707 in
1163 665 1375 722 depravata
1408 678 1521 705 carne
1553 662 1615 704 vel

116 754 232 795 corde
272 754 441 794 hominis
482 754 594 794 unice
637 753 804 800 versari,
853 752 877 791 i.
910 765 942 791 e.
984 752 1023 791 in
1064 751 1379 805 concupiscentia
1419 747 1613 789 inferioris

115 845 296 887 naturae,
339 839 401 878 cui
442 836 598 877 divinus
640 837 757 877 animi
798 836 925 876 nostri
966 836 1128 890 spiritus
1161 833 1352 889 illigatur,
1396 846 1495 888 quae
1528 845 1615 873 cum

116 923 267 962 ratione
298 921 457 970 militat,
492 928 530 961 et
562 927 703 975 sponte
736 933 807 960 sua
835 919 1073 975 propensior
1096 924 1155 958 est
1176 916 1225 957 ad
1246 923 1460 973 peccatum.
1506 915 1616 956 Hanc

118 1005 333 1046 doctrinam
365 1019 385 1045 e
417 1005 693 1046 vetustissimis
723 1002 980 1044 Pentateuchi
1014 1000 1239 1058 fragmentis
1274 1001 1458 1041 eruimus.
1506 998 1617 1040 Hanc

116 1088 359 1144 vproclamant
379 1087 578 1144 Apostoli.
627 1087 737 1128 Hanc
768 1085 883 1128 Jesus
915 1087 997 1141 ipse
1030 1100 1111 1126 non
1145 1083 1315 1126 obscuro
1341 1083 1513 1133 oraculo,
1549 1082 1618 1124 sed
1647 1124 1649 1127 ,

119 1171 279 1213 candide
313 1180 429 1228 atque
463 1179 615 1228 aperte,
657 1178 703 1211 ut
735 1170 874 1211 solitus
909 1177 984 1219 est,
1026 1169 1312 1226 pronuntiavit.
1378 1167 1458 1209 Sed
1488 1175 1618 1208 tamen

118 1255 285 1297 inhaesit
316 1255 576 1312 complurium
610 1253 886 1310 theologorum
922 1254 1080 1302 animis,
1119 1267 1256 1294 eorum
1287 1253 1516 1318 praesertim
1550 1252 1618 1308 qui

120 1338 298 1381 doctrina
330 1353 372 1380 ac
406 1338 557 1395 judicio
590 1339 719 1379 minus
751 1337 920 1393 pollent,
963 1338 1098 1393 opinio
1133 1336 1346 1393 quaedam,
1390 1336 1451 1376 vel
1481 1337 1617 1392 potius

119 1422 385 1473 hallucinatio,
419 1431 623 1479 peccatum
654 1423 784 1478 ipsum
818 1429 856 1462 et
887 1421 1182 1462 sollicitationes
1216 1419 1263 1461 ad
1291 1420 1443 1476 culpam
1465 1433 1547 1460 non
1570 1433 1618 1460 ex

120 1508 256 1548 intimo
298 1507 455 1548 homine
493 1506 711 1563 profluere,
757 1504 825 1546 scd
866 1504 1022 1546 aliunde
1064 1513 1102 1545 et
1140 1505 1383 1545 extrinsecus
1397 1502 1618 1544 *derivatas

121 1605 215 1632 esse.
279 1589 376 1631 Nam
409 1598 584 1647 ponunt,
619 1589 759 1639 fuisse,
795 1597 1002 1646 antequam
1036 1587 1161 1629 factus
1195 1596 1297 1629 esset
1328 1588 1462 1637 homo,
1498 1585 1619 1628 subli-

120 1676 282 1716 miorem
323 1673 519 1731 quandam
558 1673 781 1715 animalium
812 1674 964 1714 ratione
996 1672 1267 1729 praeditorum
1299 1679 1473 1729 gentem,
1518 1685 1619 1729 quos

123 1758 288 1814 anyelos
308 1767 472 1809 vocant3
506 1757 580 1799 hos
612 1760 750 1814 utique
784 1764 940 1799 creatos
972 1771 1074 1806 esse,
1110 1756 1180 1797 sed
1200 1765 1328 1798 tamen
1350 1754 1619 1804 immortalem

122 1844 392 1899 incorporeos,
421 1841 489 1884 sed
512 1843 849 1898 concupiscentiae
871 1843 1020 1884 nescias
1045 1840 1247 1898 quomodo
1273 1838 1484 1882 obnoxios.
1525 1837 1621 1879 Pec-

123 1939 229 1967 casse
269 1926 411 1968 horum
455 1925 649 1982 quosdam
693 1933 900 1983 antequam
941 1925 1061 1966 homo
1103 1926 1340 1981 peccaverit,
1392 1931 1430 1964 et
1470 1923 1620 1978 agmine

124 2008 224 2050 facto
258 2025 279 2050 a
310 2009 395 2051 Deo
429 2009 651 2050 descivisse.
706 2009 807 2050 Dein
838 2017 1032 2064 perpetuo
1066 2022 1132 2050 eos
1165 2006 1267 2049 bello
1301 2006 1462 2062 fatigare
1494 2005 1620 2047 Deum

125 2095 272 2148 ipsum,
314 2101 350 2134 et
391 2107 491 2150 quos
531 2092 663 2133 fecerit
694 2092 887 2133 homines.
951 2091 1103 2132 Horum
1134 2071 1351 2147 principem
1383 2087 1619 2138 Beelzebub,

126 2184 327 2233 assumpto
362 2178 554 2232 serpentis
586 2190 772 2231 corpore,
808 2175 912 2216 Evae
933 2176 1177 2232 persuasisse
1199 2182 1245 2215 ut
1265 2176 1429 2215 vetitum
1451 2172 1622 2214 fructum

127 2259 356 2302 comederet.
426 2258 605 2300 Eundem
653 2259 702 2300 ad
749 2259 853 2300 hunc
901 2273 1027 2315 usque
1077 2259 1177 2301 diem
1216 2259 1430 2315 unicuique
1472 2257 1623 2298 homini

126 2343 315 2399 subjicere
356 2342 622 2400 quodcunque
663 2342 785 2384 malae
826 2344 1076 2399 cogitationis
1118 2344 1346 2394 innuentes
1388 2348 1544 2382 nostras
1583 2354 1623 2380 se

126 2428 310 2468 insinuet.
362 2426 482 2468 Immo
524 2428 638 2468 etiam
671 2426 805 2468 Jesum
840 2424 1043 2468 Christum
1083 2426 1332 2474 sollicitasse,
1373 2432 1419 2465 ut
1450 2422 1623 2464 officium

127 2524 241 2552 suum
275 2518 454 2560 exueret,
489 2518 527 2551 et
559 2518 761 2567 apostatae
792 2524 834 2551 ac
855 2509 989 2552 rebelli
1013 2508 1275 2550 obedientiam
1297 2515 1471 2549 voveret.
1519 2505 1623 2546 Haec

128 2601 187 2634 est
225 2593 287 2634 illa
330 2593 526 2643 doctrina,
573 2608 690 2651 quam
729 2593 900 2635 Joannes
941 2601 1077 2635 noster
1115 2592 1308 2633 Miltonus
1350 2591 1507 2646 ingenio
1549 2603 1622 2629 suo

129 2675 431 2727 commendavit,
474 2692 522 2718 ne
562 2676 685 2718 dicam
728 2679 990 2727 consecravit3
1031 2678 1092 2717 cui
1135 2677 1168 2716 si
1205 2674 1347 2716 infitias
1381 2675 1498 2714 iveris
1532 2680 1625 2713 sunt

129 2762 349 2802 etiamnunc
380 2762 481 2802 inter
513 2760 695 2803 doctores
721 2770 882 2803 nostros
906 2762 974 2817 qui
998 2758 1198 2800 cerebrum
1220 2757 1295 2799 sibi
1318 2758 1448 2799 excuti
1469 2763 1622 2812 putent.

128 2844 183 2885 At
222 2845 323 2885 enim
355 2858 469 2894 vero,
512 2847 583 2886 etsi
622 2847 860 2887 concesseris
893 2844 1055 2901 reperiri
1087 2856 1205 2899 posse
1237 2840 1450 2883 nonnullos
1484 2837 1625 2880 dubiae

132 2929 374 2970 auctoritatis
418 2927 546 2978 locos,
599 2929 873 2972 translationes
915 2926 1103 2986 quasdam
1145 2927 1206 2969 vel
1247 2921 1626 2969 accommodationes

1323 3004 1343 3038 5
