1867 3301
269 319 536 378 perturbatam
576 329 615 362 et
645 319 855 362 verborum
897 319 1128 361 inefficacem
1170 321 1306 371 audio,
1349 322 1416 363 sed
1455 325 1649 378 ipsissima
1679 323 1758 367 Na-

270 404 418 453 thanis,
454 403 694 453 Solomonis,
729 404 905 453 Davidis,
940 405 1151 460 quinetiam
1183 404 1388 461 aliquoties
1420 405 1602 448 sublimia
1631 407 1756 449 Mosis

269 487 402 537 effata,
445 503 465 528 a
506 487 646 528 divinis
686 486 950 543 penetralibus
991 490 1177 537 recentia,
1217 488 1312 529 mihi
1353 490 1391 529 in
1432 504 1544 530 aures
1583 492 1754 532 veniunt.

268 569 402 627 Neque
435 571 529 612 haee
563 579 803 612 vetustarum
835 571 1051 611 litterarum
1083 570 1361 628 redintegratio
1395 581 1463 613 aut
1491 574 1528 613 vi
1562 581 1631 614 aut
1661 573 1756 616 clam

269 663 337 696 aut
367 657 542 711 precario
577 669 626 696 ex
659 656 853 696 canonicis
887 654 995 694 libris
1030 653 1298 711 detorquetur.
1347 654 1498 712 Sponte
1525 671 1566 697 se
1588 656 1758 700 offerunt

269 737 345 779 fere
379 740 507 779 omnia
538 740 652 779 istius
684 740 739 778 rei
771 740 1006 779 testimonia.
1042 729 1224 779 'Constat
1256 740 1355 779 enim
1380 738 1498 780 fuisse
1525 739 1666 781 librum
1689 743 1756 797 qui

269 825 403 890 Ἶῐζῖξζῐ
434 820 733 863 inscribebatur.
785 820 951 863 Constat
973 820 1208 862 vocabulum
1234 818 1330 889 Ἶῖᾃ]
1362 822 1432 863 Dei
1464 825 1588 878 ipsius
1620 823 1756 880 probi-

268 914 385 947 tatem
418 905 639 962 designare,
679 920 760 946 eam
792 905 961 945 hominis
995 903 1259 945 conditionem
1291 905 1528 961 significare,
1569 921 1646 962 qua
1676 908 1756 963 pri-

268 991 385 1031 mitus
412 998 470 1030 est
494 997 665 1037 creatus,
690 997 806 1044 atque
833 1003 900 1028 eos
925 1002 1072 1037 moreS‚
1101 1002 1182 1028 eam
1208 987 1376 1030 indolem
1401 987 1629 1038 describere,
1657 1003 1756 1045 quae

270 1087 381 1114 veros
404 1072 594 1113 israelitas
614 1068 770 1125 (Joann.
783 1071 809 1121 I,
823 1070 900 1112 47:
920 1070 1170 1121 es.R0m.1X‚
1184 1068 1226 1124 6)
1245 1086 1265 1112 a
1282 1072 1432 1128 reliquo
1452 1071 1599 1112 mundo
1619 1071 1756 1113 distin-

266 1155 423 1213 guebat.
464 1155 630 1198 Constat
651 1156 755 1197 hunc
776 1154 919 1196 librum
936 1152 1035 1222 *³4⁷2
1052 1164 1130 1196 tam
1154 1157 1318 1211 epinicia
1335 1163 1500 1204 vetusta,
1526 1170 1641 1212 quam
1660 1169 1756 1213 poe-

266 1249 369 1281 mata
401 1239 450 1281 ad
473 1239 636 1280 Davidis
668 1239 873 1280 historiam
902 1240 1136 1295 pertinentia
1168 1239 1413 1295 complexum
1447 1254 1542 1280 esse.
1590 1237 1757 1280 Constat

266 1324 387 1365 multa
419 1338 501 1364 esse
534 1325 573 1364 in
604 1331 716 1364 textu
747 1322 1013 1364 Masorethico
1044 1322 1238 1363 tessellata
1269 1324 1456 1372 carmina,
1491 1337 1590 1378 quae
1619 1337 1756 1363 unam-

267 1421 461 1464 quamque
491 1409 595 1448 vocis
628 1410 728 1474 ἾΨἾΤ
755 1408 832 1446 vim
865 1414 980 1462 atque
1013 1405 1334 1462 significationem
1367 1406 1560 1461 expleant.
1607 1405 1753 1447 Verum

267 1493 462 1531 enimvero
487 1489 804 1546 quandoquidem
831 1498 908 1530 tam
940 1491 980 1530 in
1012 1491 1235 1545 praemissis
1259 1504 1374 1545 quam
1396 1491 1435 1529 in
1458 1491 1641 1530 universa
1662 1504 1755 1531 eon-

266 1575 437 1615 clusione
470 1589 549 1615 rem
582 1589 662 1615 non
695 1573 852 1614 dubiam
885 1572 952 1614 sed
982 1580 1154 1628 apertam
1177 1581 1293 1629 atque
1315 1573 1555 1614 manifestam
1577 1572 1753 1621 habeam,

267 1659 505 1699 enumeratio
524 1657 769 1714 singulorum
788 1664 1107 1713 argumentorum
1130 1670 1209 1695 non
1229 1664 1288 1696 est
1303 1659 1532 1697 necessaria.
1565 1656 1661 1698 Dico
1681 1657 1755 1697 ista

267 1743 435 1783 carmina
456 1743 496 1782 in
518 1755 639 1781 unum
657 1755 814 1796 corpus,
839 1741 921 1780 suis
938 1738 1120 1780 membris
1138 1747 1329 1788 exactum,
1354 1741 1406 1780 ita
1424 1738 1578 1779 demum
1600 1739 1756 1780 redacta

266 1841 362 1875 esse,
397 1833 441 1866 ut
471 1826 600 1865 omnia
632 1823 685 1864 ibi
718 1824 974 1880 congruentia
1005 1836 1216 1879 agnosca53
1251 1830 1289 1862 et
1319 1824 1351 1862 si
1384 1824 1472 1878 quis
1503 1837 1651 1863 mecum
1683 1823 1755 1863 hac

265 1911 416 1950 ratione
448 1916 654 1949 contentus
687 1909 778 1955 erit,
812 1905 927 1947 nobis
960 1920 1051 1946 sane
1083 1905 1186 1945 illam
1211 1904 1299 1946 libri
1320 1905 1527 1946 Jasharani
1549 1905 1616 1946 diu
1639 1904 1755 1947 defle-

265 2001 342 2034 tam
368 1993 562 2048 jacturam
595 1990 879 2047 quadamtenus
913 1989 1040 2029 saltim
1061 1997 1250 2029 resartam
1272 2003 1355 2029 esse
1376 1987 1652 2044 gaudentibus,
1686 2003 1754 2030 ex-

266 2076 428 2117 clamare
460 2073 600 2123 licebit,
634 2073 809 2130 populus
843 2071 952 2129 qnod
985 2071 1227 2121 clamitabat,
1263 2071 1368 2113 Osiri
1399 2074 1579 2113 invento:
1625 2066 1754 2128 εὑρή-

265 2173 410 2214 καμεν,
445 2156 761 2211 συγχαίρωμεν]
809 2156 917 2210 Quae
948 2155 1228 2212 redintegratio
1261 2163 1393 2196 utrum
1427 2156 1531 2196 omni
1563 2170 1612 2198 ex
1643 2164 1752 2213 parte

264 2245 336 2284 rite
369 2244 420 2283 sit
452 2241 604 2290 effecta,
639 2242 859 2281 criticorum
893 2241 984 2290 erit,
1028 2239 1206 2289 classica,
1244 2247 1290 2280 ut
1320 2247 1503 2288 vocatur,
1538 2238 1753 2296 philologia

266 2326 528 2375 imbutorum,
563 2333 678 2381 atque
710 2325 893 2364 universa
923 2325 1172 2379 grammatica
1194 2321 1318 2379 probe
1341 2321 1597 2373 eruditorum,
1632 2336 1753 2380 quum

264 2408 577 2466 unumquodque
609 2415 882 2465 argumentum
916 2421 988 2447 suo
1021 2415 1218 2447 momento
1252 2406 1568 2463 ponderaverint‚
1602 2407 1654 2446 ita
1687 2404 1753 2446 de-

265 2509 370 2535 mum
404 2492 641 2541 discerncre;
683 2500 738 2542 et,
781 2489 889 2547 quod
921 2490 1003 2546 jam
1045 2498 1157 2530 antea
1190 2486 1252 2545 (p.
1284 2486 1363 2542 35)
1397 2488 1630 2545 significavi,
1671 2502 1751 2529 non

266 2592 380 2634 spero
414 2575 510 2625 fore,
542 2583 589 2616 ut
621 2573 804 2615 omnibus
838 2575 968 2615 omnia
1000 2582 1037 2614 et
1068 2572 1222 2630 singula
1243 2586 1503 2629 persuasurus
1528 2572 1610 2612 sim.
1651 2570 1750 2613 Dico

266 2670 393 2702 autem
426 2669 543 2716 atque
576 2658 763 2699 confirmo
795 2672 876 2699 non
915 2656 1028 2697 aliam
1059 2658 1248 2698 rationem
1280 2656 1321 2695 in
1353 2653 1482 2696 Sacris
1514 2653 1641 2696 Libris
1673 2661 1752 2696 tra-

266 2743 415 2786 ctandis
448 2741 707 2784 adhibendam
729 2755 824 2790 esse,
860 2754 975 2798 quam
998 2755 1075 2798 qua
1096 2738 1352 2796 profanorum
1375 2739 1610 2795 scriptorum
1632 2739 1751 2780 inter-

266 2828 433 2884 pretatio
465 2834 574 2867 tanta
606 2827 708 2882 cepit
727 2827 973 2867 incrementa.
1020 2824 1064 2865 In
1084 2823 1157 2865 hac
1177 2824 1336 2865 materia
1361 2822 1444 2878 jam
1465 2835 1536 2878 per
1555 2828 1748 2862 trecentos

266 2925 390 2952 annos
424 2910 640 2952 doctrinam
673 2923 801 2960 suam,
843 2908 1060 2964 ingenium,
1102 2921 1283 2956 acumen,
1325 2904 1599 2954 subtilitatem,
1632 2902 1747 2946 indu-
