1867 3301
716 187 996 261 *ffl-

108 331 227 370 vitam
259 328 464 371 exercebat
495 326 534 381 (1
560 328 729 385 Paralip.
752 328 818 378 IV,
842 326 930 382 41).
992 329 1087 370 Levi
1121 337 1248 369 autem
1280 341 1351 384 per
1382 330 1605 369 universam

108 411 367 453 Palaestinam
390 414 471 453 sine
493 412 574 453 ullo
596 414 861 469 possessionis
878 413 967 468 jure
986 426 1147 469 sparsus
1171 419 1230 452 est
1248 408 1531 464 (Deut.XVIII‚
1549 408 1603 464 1).

107 495 193 537 ι111111
217 511 309 537 vcro
342 498 500 536 omnino
535 505 644 537 erant
677 496 775 537 duae
810 510 969 545 causae,
1005 511 1052 536 ex
1086 504 1212 536 mente
1235 503 1411 536 veterum
1433 494 1605 536 Judaeo-

108 594 214 629 rum,
248 587 412 636 propter
444 594 541 636 quas
573 579 700 621 tribus
734 582 829 621 istae
863 579 1121 620 exheredatae
1152 579 1235 620 ficri
1266 587 1461 636 poterant.
1509 577 1605 620 Am-

108 662 179 703 bae
221 665 261 704 in
297 665 495 718 primaeva
529 663 593 703 illa
624 663 817 705 Ecclesiae
849 662 1088 704 Jasharanae
1122 665 1385 704 coarctatione
1417 671 1604 719 tanquam

109 761 246 787 causae
290 747 510 801 rejectionis
552 755 753 802 apparent.
790 745 967 788 *Ambae
1007 748 1046 787 in
1088 746 1207 787 altera
1245 746 1432 803 Decalogi
1470 745 1605 787 tabula

94 811 243 885 *primis
275 829 491 871 interdictis
523 830 798 885 prohibentur.
854 829 958 871 Sunt
990 831 1091 871 enim
1123 830 1394 885 impudicicia,
1427 845 1605 885 praeser-

108 915 177 954 tim
209 928 330 970 quum
363 928 406 954 ea
438 916 622 970 pietatem
655 928 813 970 quoque
846 914 987 963 violat,
1031 922 1077 954 ut
1107 915 1147 954 in
1181 912 1318 955 Clianii
1353 912 1604 970 Canaanique

109 1005 291 1052 pcccato3
333 1005 370 1038 et
400 996 528 1053 fraus
570 1005 737 1039 cruenta
777 997 818 1039 vi
855 999 1093 1052 conjuncta,
1136 997 1262 1054 qualis
1294 997 1488 1038 Edomitis
1529 997 1603 1038 illis

111 1079 313 1135 objicitur3
351 1080 422 1121 hae
456 1089 566 1130 sunt,
600 1083 780 1138 inquam,
816 1095 953 1122 causae
985 1082 1193 1137 primariae
1226 1096 1294 1122 cur
1327 1081 1480 1138 aliquot
1511 1096 1604 1123 con-

109 1166 344 1220 sanguineae
385 1163 511 1205 tribus
552 1180 570 1205 e
610 1164 829 1221 proborum
870 1166 1054 1206 societate
1094 1164 1274 1206 exclusae
1312 1180 1395 1206 esse
1425 1173 1602 1222 possent.

108 1246 248 1288 Nescio
290 1263 339 1288 an
364 1243 589 1289 Rubenitae
630 1256 737 1289 trans
770 1248 988 1289 Jordanum
1022 1248 1242 1290 habitantes
1282 1251 1439 1291 incestis
1471 1251 1605 1290 matri-

108 1333 250 1372 moniis
281 1346 355 1388 pro
389 1324 673 1373 consuetudine
706 1347 778 1373 sua
810 1332 1057 1373 dehonestati
1091 1341 1231 1373 essent.
1279 1332 1480 1374 Moabitae
1503 1341 1603 1374 certe

109 1423 146 1455 et
183 1414 452 1465 Ammonitae,
502 1417 603 1457 inter
652 1430 752 1472 quos
791 1414 1011 1456 Rubenitac
1061 1415 1273 1472 degebant,
1323 1416 1603 1458 adincestam

108 1500 231 1554 patris
264 1514 351 1539 cum
381 1498 535 1539 filiabus
575 1501 656 1539 suis
691 1498 987 1540 fornicationem
1021 1501 1211 1556 originem
1243 1514 1353 1540 suam
1385 1499 1605 1542 referebant

111 1579 224 1634 (Gen.
248 1582 362 1632 XIX,
388 1581 456 1632 37,
482 1579 576 1635 38),
617 1582 726 1639 quod
758 1598 807 1624 ex
838 1583 905 1624 tali
939 1583 1222 1624 consuetudine
1256 1583 1426 1640 confingi
1458 1586 1602 1639 potuit.

111 1663 190 1706 Sed
228 1674 319 1707 utut
350 1679 394 1707 ea
426 1680 466 1707 se
497 1681 559 1707 res
591 1665 752 1716 habeat,
794 1667 939 1707 nullam
967 1663 1150 1723 'profecto
1176 1667 1388 1722 justiorem
1418 1675 1604 1723 paternae

109 1748 390 1806 indignationis
431 1764 586 1791 causam
627 1752 849 1807 excogitare
888 1750 996 1800 licet,
1040 1765 1156 1807 quam
1196 1751 1273 1792 hoc
1303 1750 1460 1792 Rubeni
1493 1751 1604 1792 adul-

111 1835 262 1875 terium.
325 1834 381 1874 Ita
412 1833 608 1875 Homerus
649 1848 828 1890 quoque,
872 1849 992 1890 quum
1023 1834 1233 1876 Phoenicis
1266 1835 1446 1875 exsilium
1479 1834 1604 1891 expli-

111 1925 232 1966 caret,
275 1917 397 1957 simile
437 1916 677 1958 concubinae
716 1926 898 1974 stuprum
940 1918 1098 1974 allegat,
1139 1926 1305 1975 propter
1345 1917 1454 1975 quod
1494 1926 1605 1975 pater

110 1999 231 2041 filium
265 1999 358 2041 diris
393 2000 618 2042 devovisset
650 1997 713 2053 (ll.
735 2000 810 2050 IX,
834 1999 922 2042 448
944 1998 1063 2057 sqq.).

228 2084 291 2126 Ex
323 2084 628 2126 Simeonitarum
668 2092 797 2125 autem
834 2084 1001 2125 historia
1032 2093 1149 2140 atque
1181 2099 1231 2126 ex
1262 2085 1435 2127 violenta
1467 2099 1603 2126 eorum

110 2170 149 2209 in
180 2168 398 2209 Idumaeam
438 2170 658 2225 irruptione
695 2170 788 2209 satis
820 2175 945 2224 patet,
989 2176 1187 2209 cruentam
1219 2168 1323 2210 illam
1356 2177 1394 2211 et
1425 2169 1602 2210 dolosam

111 2250 447 2294 Shecliemitarum
487 2252 675 2292 ultionem
710 2249 832 2305 (Gen.
864 2267 895 2292 c.
918 2248 1118 2305 XXXIV)
1160 2254 1306 2308 optime
1339 2252 1531 2310 quadrare
1563 2256 1604 2294 in

110 2335 366 2392 vagabundae
398 2335 517 2392 hujus
549 2335 676 2377 tribus
708 2349 836 2383 mores
869 2344 908 2376 et
939 2335 1274 2376 consuetudinem.
1322 2336 1480 2378 Levitas
1503 2351 1604 2392 quo-

111 2433 204 2475 que,
242 2421 309 2476 qui
340 2418 448 2460 haud
480 2419 590 2460 aliter
623 2433 739 2476 quam
766 2418 1003 2460 Graecorum
1037 2416 1216 2474 ἇγύρται
1248 2419 1422 2475 undiquc
1454 2418 1604 2461 mendi-

111 2501 268 2552 cabant,
301 2503 499 2544 latronum
532 2503 687 2544 cohorti
720 2517 802 2545 sese
825 2502 1038 2559 adjungere
1060 2517 1197 2558 posse,
1233 2511 1270 2544 et
1292 2502 1365 2544 sub
1388 2503 1602 2560 relligionis

111 2588 266 2627 nomine
298 2601 433 2628 eorum
464 2588 621 2642 rapinas
654 2595 692 2628 et
720 2586 853 2628 caedes
877 2588 1046 2635 sancire,
1081 2588 1175 2627 satis
1200 2585 1372 2627 ostendit
1393 2587 1602 2643 singularis

112 2668 175 2709 illa
206 2669 372 2710 historia
403 2670 449 2711 de
471 2670 625 2711 Danitis
659 2672 745 2726 qui,
781 2685 802 2710 a
823 2670 960 2710 Levita
993 2669 1165 2725 quodam
1191 2669 1333 2725 adjuti,
1367 2671 1601 2727 tranquillos

112 2760 227 2807 atque
270 2754 493 2794 innocentes
535 2752 723 2794 Sidonios
765 2752 895 2810 gladio
938 2752 1232 2803 interfecerunt,
1279 2753 1470 2810 oppidum
1508 2768 1601 2794 vero

113 2849 248 2876 eorum
288 2835 445 2892 ignibus
486 2835 708 2878 cremabant
739 2833 850 2889 (Jud.
876 2851 906 2877 c.
930 2835 1086 2889 XVIII).
1151 2836 1457 2878 Simeonitarum
1487 2837 1603 2879 Levi-

115 2926 318 2975 tarumquc
350 2919 573 2961 violentiam
614 2920 774 2962 similem
815 2919 936 2961 fuisse
975 2919 1193 2976 colligimus
1234 2935 1283 2962 ex
1321 2921 1408 2962 loco
1449 2928 1601 2968 nostro,

1247 2999 1319 3037 13⁴*
