1867 3301
957 188 1056 235 312

260 332 380 390 gladii
420 331 632 373 dissilirent
664 328 728 384 (cs.
758 330 837 372 Jes.
867 329 983 380 XXI,
1017 327 1081 383 5),
1122 331 1254 386 itaque
1286 328 1397 371 Sauli
1439 329 1599 386 clypeus
1633 344 1754 387 quum

262 416 435 472 abjectus
479 424 598 465 esset,
639 430 740 465 non,
781 423 827 456 ut
858 422 964 463 ante,
1006 413 1122 454 solita
1153 415 1338 454 unctione
1370 411 1592 454 curabatur.
1645 413 1756 455 Hanc

262 501 492 541 sententiani
514 501 707 540 veriorem
722 498 874 554 judico,
898 512 987 538 nam
1010 497 1124 538 simili
1146 496 1286 538 affectu
1306 496 1502 538 Homerus
1525 496 1572 537 de
1592 495 1754 538 Achillis

261 583 371 641 galea
402 599 423 624 a
454 582 626 623 Patrocli
660 584 784 639 capite
817 582 966 637 dejecta
997 581 1175 638 loquitur
1206 577 1263 634 (11.
1287 580 1393 630 XVI,
1419 578 1505 623 794
1527 576 1653 638 sqq.):

409 682 433 738 ἢ
468 682 516 724 δὲ
546 682 826 737 κυλινδομένη
860 679 1054 737 καναχὴν
1086 681 1155 734 ἔχε
1186 684 1338 723 ποσσὶν
1369 679 1447 736 ὑφ’
1479 685 1622 724 ἵππων

411 753 603 803 αὐλῶπις
634 754 891 810 τρυφάλεια·
924 753 1176 808 μιάνθησαν
1209 753 1256 794 δὲ
1288 751 1458 808 ἔθειραι

412 831 560 882 αἵματι
592 829 663 868 καὶ
694 829 876 885 κονίῃσι·
909 825 1045 880 πάρος
1076 841 1124 877 γε
1154 828 1232 880 μὲν
1264 819 1314 865 οὗ
1347 826 1475 879 θέμις
1506 821 1580 880 ἦεν

413 897 656 954 ἱππόκομον
687 897 855 954 πήληκα
887 898 1143 953 μιαίνεσθαι
1174 897 1372 955 κονίῃσιν.

383 1000 566 1043 Ceterum
600 999 829 1042 observabis
863 999 1026 1041 Saulum
1061 999 1125 1040 hic
1154 1007 1342 1055 tanquam
1373 999 1505 1055 gravis
1537 1006 1756 1041 armaturae

262 1086 421 1128 militem
453 1085 585 1126 induci
619 1099 706 1125 cnm
735 1084 873 1140 clypeo
897 1092 933 1125 et
954 1082 1098 1140 gladio,
1132 1083 1399 1124 Jonathanum
1421 1090 1550 1123 autem
1570 1090 1757 1139 tanquam

263 1171 532 1227 sagittarium3
565 1168 606 1209 id
628 1167 738 1225 quod
760 1166 851 1208 alibi
876 1176 1030 1209 constat
1051 1163 1115 1221 (cs.
1143 1166 1163 1209 1
1185 1166 1290 1208 Sam.
1306 1166 1429 1216 XVII,
1451 1164 1518 1208 38.
1545 1165 1694 1216 XXXI,
1713 1165 1754 1208 4.

261 1253 360 1303 XX,
393 1252 449 1294 20
461 1251 488 1306 ).
547 1251 734 1293 Similiter
765 1251 873 1308 apud
902 1251 1117 1293 Homerum
1154 1252 1326 1300 invenies
1359 1251 1606 1292 consociatos
1636 1249 1758 1291 bella-

262 1346 368 1379 tores
401 1337 506 1377 hunc
539 1350 642 1385 arcu,
677 1335 785 1376 illum
815 1334 947 1392 gladio
980 1337 1228 1376 instructum.
1273 1334 1389 1375 Tales
1412 1342 1523 1375 erant
1541 1333 1648 1391 Ajax
1670 1348 1757 1376 cum

264 1421 433 1471 Teucro,
468 1420 614 1461 Hector
637 1434 724 1460 cum
745 1418 885 1460 Paride
919 1427 1181 1475 comparatus,
1216 1427 1332 1475 atque
1364 1420 1418 1459 ita
1448 1426 1660 1475 utrumque
1677 1432 1757 1489 gar

262 1504 393 1546 nobile
425 1504 590 1545 fratrum
622 1506 663 1544 in
694 1512 883 1560 tympano
906 1502 1136 1560 Aeginetico
1169 1511 1390 1560 pugnantes
1415 1501 1667 1543 inducuntur.
1706 1501 1758 1544 Et

265 1587 308 1631 C.
345 1587 393 1630 Ο.
426 1587 640 1629 Muellerus
675 1589 819 1643 optime
851 1588 1005 1628 monuit
1037 1583 1103 1640 (ad
1134 1586 1248 1627 Pind.
1282 1586 1416 1627 Isthm.
1439 1586 1488 1635 V,
1513 1583 1582 1636 33,
1616 1600 1638 1626 a
1665 1584 1756 1627 Dis-

264 1674 371 1714 senio
405 1668 605 1724 laudatus)
638 1670 842 1712 Herculem
875 1668 1012 1727 ψιλοῦ
1040 1678 1171 1727 partes
1201 1671 1337 1726 egisse,
1374 1669 1624 1711 Telamonem
1646 1683 1754 1719 vero,

262 1764 497 1813 perpetuum
531 1755 614 1810 ejus
648 1756 847 1804 comitem,
882 1751 1070 1795 ὁπλίτου.
1113 1753 1151 1794 Α
1174 1752 1308 1794 crebro
1340 1752 1430 1794 belli
1463 1761 1500 1794 et
1530 1754 1636 1809 pacis
1669 1766 1754 1794 cum

198 1849 210 1859 ⁶
262 1839 485 1882 Philistaeis
520 1840 750 1880 commercio
783 1840 856 1879 iste
888 1838 995 1895 apud
1022 1836 1222 1879 Hebraeos
1255 1851 1436 1893 proceres
1468 1837 1600 1893 gravis
1633 1850 1758 1877 arma-

262 1932 373 1965 turae
406 1938 502 1963 usus
525 1922 688 1963 Davidis
720 1922 979 1978 temporibus,
1012 1930 1058 1962 ut
1089 1936 1210 1977 supra
1242 1920 1521 1969 demonstravi,
1554 1919 1756 1976 paullatim

264 2007 534 2064 frequentatus
569 2014 639 2047 est.
687 2005 744 2046 De
777 2004 1004 2046 mulieribus
1038 2007 1224 2046 victoriae
1257 2004 1394 2061 spoliis
1428 2005 1576 2045 ornatis
1610 2000 1663 2057 (v.
1683 2000 1756 2057 24)

263 2090 353 2132 vide
386 2105 484 2147 quae
518 2089 703 2131 adnotavi
736 2089 786 2130 ad
806 2088 987 2130 Dehorac
1019 2091 1210 2130 canticum
1225 2104 1270 2146 ¹v.
1295 2086 1362 2129 30.
1407 2087 1535 2145 Digna
1567 2095 1627 2129 est
1657 2101 1756 2144 quae

265 2177 405 2216 citetur
437 2174 723 2231 elegantissima
752 2173 929 2216 Lowthii
964 2173 1216 2230 paraphrasis
1249 2171 1431 2212 versiculi
1463 2168 1519 2213 26
1552 2168 1616 2225 (de
1648 2185 1757 2213 sacra

262 2260 376 2315 poesi
407 2257 678 2299 Hebraeorum
709 2272 748 2313 p.
774 2255 898 2309 233):

510 2373 570 2410 Tu
591 2373 681 2409 mihi
703 2379 743 2410 tu
764 2379 910 2408 aeterno
932 2371 1086 2417 flendus,
1108 2372 1325 2418 Jonathane,
1349 2372 1472 2408 dolore

502 2479 515 2493 „
570 2445 725 2491 Occidis,
747 2445 830 2490 heu,
851 2445 984 2480 misero
1007 2442 1118 2480 frater
1140 2444 1307 2493 adempte
1328 2443 1429 2480 mihi.

508 2517 590 2553 Heu
611 2518 739 2566 pietas,
764 2517 837 2552 heu
856 2528 938 2553 rara
958 2514 1060 2561 fides,
1088 2522 1123 2551 ct
1146 2515 1264 2552 dulcia
1286 2515 1381 2551 sesso

566 2589 750 2637 Alloquia,
772 2588 845 2624 heu
867 2594 1013 2624 sanctae
1035 2587 1163 2624 foedus
1186 2588 1376 2623 amicitiae.

509 2660 606 2702 Quae
628 2660 718 2696 mihi
740 2661 777 2696 in
800 2659 961 2696 adversis
982 2660 1116 2697 tulerat
1137 2671 1232 2696 nova
1254 2658 1387 2707 gaudia
1409 2658 1530 2704 rebus,

571 2732 707 2769 Gaudia
729 2731 931 2769 soemineus
955 2743 1047 2781 quae
1069 2730 1153 2768 dare
1174 2731 1290 2767 nescit
1309 2742 1419 2767 amor.

384 2843 426 2883 In
467 2843 840 2899 apophthegmatico
881 2845 1067 2899 epimetro
1100 2841 1270 2884 Davides
1305 2841 1350 2883 de
1381 2840 1543 2883 Abnero
1576 2840 1754 2898 indigna-

266 2924 425 2967 bundus
457 2925 656 2982 praedicat
686 2926 814 2977 illum,
848 2941 929 2968 non
960 2941 1032 2967 sua
1062 2928 1186 2982 ipsius
1219 2925 1396 2976 stultitia,
1430 2924 1499 2966 sed
1531 2939 1652 2981 quum
1672 2937 1754 2965 ma-
