1867 3301
255 334 383 381 paret,
425 333 588 365 vocatur
626 319 740 392 ΓῚἿτΠῖ
778 307 946 393 'ffb-&772
989 326 1156 366 nuncius
1189 327 1270 366 sive
1301 325 1453 382 legatus
1486 326 1658 369 Jehovae
1679 325 1747 382 ’).«

254 408 442 450 Homines
475 423 541 449 eos
575 422 676 464 quos
707 410 762 449 ita
794 417 1019 449 exsecratur
1049 407 1183 458 Vates,
1219 407 1453 451 Canaanitas
1486 410 1625 462 fuisse,
1666 427 1747 454 non

254 491 467 541 Hebraeos,
503 494 584 547 ipsc
606 491 679 532 loci
702 491 823 547 hujus
845 491 1128 548 parallelismus
1153 492 1337 534 ostendit.
1375 494 1594 545 Praeterea,
1624 495 1747 537 Israe-

254 576 411 617 litarum
432 576 569 617 merita
590 583 628 616 et
650 583 809 631 peecata
833 576 915 631 jam
948 584 1061 617 antea
1092 585 1381 619 enumerantur.
1434 577 1507 619 Hic
1538 580 1668 636 agitur
1700 579 1747 621 de

255 662 388 701 mixtis
413 658 603 701 Galilaeae
635 659 785 709 incolis,
821 673 991 716 quorum
1013 674 1083 716 per
1105 674 1221 717 agros
1244 662 1409 702 transire
1433 660 1599 703 debebat
1619 664 1746 704 victus

256 743 387 786 Sisrae.
420 744 626 785 exereitus.
674 743 760 785 Jam
782 758 889 792 vero,
925 758 1045 800 quum
1077 758 1212 800 pugna
1244 746 1451 786 commissa
1483 754 1584 788 esset
1604 747 1646 788 in
1668 745 1748 788 Ta-

256 827 454 877 hanacho,
488 826 538 868 ad
570 842 690 884 aquas
722 826 993 884 MegiddoniS,
1027 826 1150 884 fugati
1182 836 1311 869 autem
1342 828 1476 870 hostes
1511 827 1747 872 Chatzorem

256 926 404 961 versus,
438 913 462 952 i.
487 926 519 952 e.
552 914 592 952 in
623 910 967 968 septentrionalem
999 912 1216 967 regionem,
1252 911 1514 954 discurrerent
1546 909 1614 966 (—
1653 915 1748 955 mira

256 1004 314 1036 est
352 997 452 1036 enim
483 994 680 1036 Hendoris
721 996 865 1036 mentio
898 996 938 1036 in
969 993 1125 1035 Psalmo
1157 994 1370 1037 LXXXIII.
1404 1011 1441 1037 v,
1469 993 1561 1050 10),
1604 996 1747 1039 devota

255 1080 319 1120 illa
349 1079 491 1120 ultioni
522 1078 617 1119 urbs
650 1081 751 1120 inter
775 1078 813 1119 T
811 1077 1070 1119 ahanaclmm
1101 1086 1138 1118 et
1162 1077 1403 1120 Chatzorem
1434 1081 1508 1121 sita
1539 1078 1657 1122 fuerit
1680 1095 1747 1122 ne-

256 1178 359 1203 cesse
393 1171 463 1203 est.
513 1161 556 1204 Si
588 1171 716 1204 autem
750 1161 799 1203 ad
821 1161 975 1203 Josuae
1001 1161 1162 1212 librum,
1198 1177 1280 1219 cap.
1299 1162 1383 1204 XII.
1408 1179 1444 1205 v.
1466 1161 1517 1206 19
1540 1166 1744 1220 respicitiS‚

254 1261 364 1303 reges
397 1246 610 1288 debellatos
642 1246 719 1288 hoc
753 1245 888 1288 ordine
918 1247 1130 1288 recensitos
1152 1248 1378 1299 invenietis:
1413 1245 1527 1289 »Rex
1547 1247 1743 1298 Madonis,

254 1345 325 1372 rex
357 1329 579 1380 Chatzoris‚
612 1345 683 1372 rex
717 1329 1166 1379 Shimronis-Meronis,
1199 1345 1271 1371 rex
1301 1330 1530 1388 Akshaphi‚
1564 1346 1635 1373 rex
1668 1332 1746 1373 Ta-

254 1414 440 1464 hanachi‚
480 1430 551 1456 rex
590 1414 883 1472 Megiddonis.«
935 1413 1067 1470 Atque
1109 1416 1249 1454 iterum
1288 1416 1328 1455 in
1370 1429 1400 1455 c.
1424 1414 1491 1456 XI.
1524 1431 1562 1456 V.
1591 1414 1634 1466 1,
1676 1430 1747 1458 rex

257 1497 464 1540 Chatzoris
495 1501 678 1540 convenit
699 1513 810 1555 reges
831 1497 1028 1547 Madonis,
1064 1496 1298 1548 Shimronis,
1333 1507 1371 1539 et
1391 1498 1613 1555 Akshaphi.
1654 1497 1747 1542 Fuit

253 1584 375 1639 igitur
405 1582 500 1623 urbs
533 1582 744 1639 quaedam,
780 1581 1165 1631 Shimron-Meron,
1208 1584 1247 1623 in
1278 1584 1365 1639 ipsa
1396 1597 1551 1639 pugnae
1585 1585 1743 1626 vicinia:

255 1681 415 1723 eamque
454 1668 555 1708 inter
592 1667 865 1723 possessiones
903 1664 1227 1706 Zebulonitarum
1267 1665 1387 1707 fuisse
1427 1668 1685 1723 cognovimus
1726 1683 1745 1709 e

253 1750 408 1793 Josuae
440 1750 610 1807 capitulo
643 1749 933 1791 undevicesimo
968 1765 1004 1790 v,
1033 1747 1098 1799 15,
1132 1749 1201 1790 uhi
1232 1752 1332 1791 inter
1362 1747 1527 1791 Nahalal
1559 1758 1596 1791 et
1619 1750 1746 1792 Jidala

254 1842 516 1877 enumeratur,
567 1833 697 1889 Quum
728 1836 849 1891 igitur
875 1836 913 1875 in
945 1835 1101 1875 nomine
1134 1828 1283 1899 35⁸³ss
1323 1848 1404 1874 non
1435 1843 1623 1890 agnoscat
1655 1834 1746 1889 Qeri

253 1920 420 1962 litteram
453 1923 510 1968 N,
552 1927 589 1960 et
628 1917 705 1960 fere
736 1918 834 1959 nihil
870 1919 1024 1959 intersit
1054 1919 1154 1958 inter
1186 1923 1201 1962 ἲ
1234 1925 1271 1958 et
1302 1923 1316 1984 ζ
1349 1917 1521 1968 finalem,
1566 1918 1744 1975 equidem

253 2019 334 2045 non
367 2002 585 2044 dubitarem
616 2018 689 2059 pro
723 1997 832 2062 ’Μ’Ἶζ)
865 2004 905 2043 in
937 2010 1074 2042 nostro
1107 2000 1194 2041 loco
1225 2000 1435 2042 rescribere
1458 1995 1581 2067 ῘἾἾᾨ,
1615 2010 1653 2043 et
1674 2002 1744 2043 has

254 2089 551 2144 imprecationes
584 2085 633 2127 ad
671 2086 808 2127 urbem
843 2084 1242 2137 Shimron-Meron,
1284 2087 1324 2126 in
1355 2084 1500 2126 finibus
1532 2084 1745 2127 Zebuloni-

254 2180 401 2220 tarum‚
444 2169 653 2211 transferre
671 2166 713 2222 ⁹).
785 2170 829 2211 In
869 2184 948 2226 quo
987 2171 1019 2210 si
1059 2183 1195 2209 verum
1232 2158 1332 2218 vvidi,
1375 2168 1535 2210 liberius
1576 2171 1743 2211 irriseris

256 2257 454 2312 egregium
486 2254 593 2294 illum
626 2255 893 2309 interpretem,
929 2255 996 2309 qui
1029 2254 1317 2309 imprecationis
1350 2252 1527 2294 effectum
1559 2255 1599 2294 in
1632 2267 1677 2294 eo
1704 2267 1744 2294 se

254 2340 472 2395 repperisse
503 2338 671 2393 putavit,
706 2336 815 2393 quod
836 2338 980 2378 nemini
1002 2336 1131 2378 adhuc
1154 2335 1482 2394 Geographorum
1509 2339 1745 2379 innotuisset

254 2422 349 2463 urbs
384 2421 527 2463 devota
557 2420 730 2462 Bleroz!

356 2606 381 2647 ¹)
417 2604 520 2638 Geist.
550 2602 608 2636 der
632 2602 736 2637 Hebr.
763 2602 902 2644 Poesie,
936 2601 980 2635 ΙΙ.
1007 2613 1037 2647 p.
1062 2599 1117 2635 46.
1167 2601 1242 2635 Non
1273 2601 1358 2636 male
1384 2602 1488 2648 igitur
1515 2601 1742 2649 Gumpachius

255 2672 342 2705 hunc
361 2680 496 2704 versum
523 2670 568 2702 ita
593 2668 720 2702 reddit:
744 2668 956 2702 »Verssuchet
972 2667 1099 2709 Μετοῑ,
1127 2667 1245 2713 sprach
1264 2667 1424 2702 Jehova's
1444 2668 1744 2710 Donnerstimme,·‹

257 2748 356 2782 quam
381 2736 571 2769 versionem
599 2733 772 2768 confirmat
799 2733 917 2768 Genes.
939 2732 1064 2775 XXII,
1092 2731 1253 2767 11-13,
1282 2732 1403 2768 collato
1428 2733 1551 2768 Joann.
1570 2733 1659 2776 XII,
1685 2732 1741 2768 29.

256 2802 313 2837 Ps.
331 2799 473 2842 XVIII,
493 2798 546 2833 14.

355 2866 382 2908 2)
421 2865 516 2899 Hanc
549 2864 774 2910 conjecturam
809 2864 932 2906 obiter,
966 2869 999 2898 et
1031 2863 1222 2898 dubitanter
1247 2863 1304 2898 ille
1335 2865 1489 2910 quidem,
1523 2869 1741 2910 occupaverat

256 2931 393 2974 Ewahl,
421 2930 618 2966 Gescliichte
645 2930 703 2965 des
728 2929 859 2966 Volkes
886 2929 1003 2973 Israel,
1028 2929 1108 2964 Vol.
1128 2929 1172 2964 11.
1198 2942 1229 2976 p.
1247 2927 1326 2964 381.
