<?xml version="1.0" encoding="UTF-8"?>
<!DOCTYPE html PUBLIC "-//W3C//DTD XHTML 1.0 Transitional//EN"
    "http://www.w3.org/TR/xhtml1/DTD/xhtml1-transitional.dtd">
<html xmlns="http://www.w3.org/1999/xhtml" xml:lang="en" lang="en">
 <head>
  <title>
</title>
<meta http-equiv="Content-Type" content="text/html;charset=utf-8" />
  <meta name='ocr-system' content='tesseract 3.04.00' />
  <meta name='ocr-capabilities' content='ocr_page ocr_carea ocr_par ocr_line ocrx_word'/>
</head>
<body>
  <div class='ocr_page' id='page_1' title='image "./jasharfragmentaa00dona_0342.png"; bbox 0 0 1867 3301; ppageno 0'>
   <div class='ocr_carea' id='block_1_1' title="bbox 889 180 1081 252">
    <p class='ocr_par' dir='ltr' id='par_1_1' title="bbox 889 180 1081 252">
     <span class='ocr_line' id='line_1_1' title="bbox 889 180 1081 252; baseline 0 0"><span class='ocrx_word' id='word_1_1' title='bbox 889 180 1081 252; x_wconf 58' lang='lat'>„368</span> 
     </span>
    </p>
   </div>
   <div class='ocr_carea' id='block_1_2' title="bbox 1000 246 1171 253">
    <p class='ocr_par' dir='ltr' id='par_1_2' title="bbox 1000 246 1171 253">
     <span class='ocr_line' id='line_1_2' title="bbox 1000 246 1171 253; baseline 0 3048"><span class='ocrx_word' id='word_1_2' title='bbox 1000 246 1171 253; x_wconf 95' lang='lat' dir='ltr'> </span> 
     </span>
    </p>
   </div>
   <div class='ocr_carea' id='block_1_3' title="bbox 258 320 1776 2886">
    <p class='ocr_par' dir='ltr' id='par_1_3' title="bbox 258 320 1776 2886">
     <span class='ocr_line' id='line_1_3' title="bbox 258 320 1772 377; baseline 0.003 -15"><span class='ocrx_word' id='word_1_3' title='bbox 258 322 487 370; x_wconf 60' lang='lat' dir='ltr'>xhominum</span> <span class='ocrx_word' id='word_1_4' title='bbox 519 334 656 361; x_wconf 89' lang='lat' dir='ltr'>sensus</span> <span class='ocrx_word' id='word_1_5' title='bbox 679 322 734 362; x_wconf 88' lang='lat' dir='ltr'>ita</span> <span class='ocrx_word' id='word_1_6' title='bbox 755 322 960 377; x_wconf 82' lang='lat' dir='ltr'>exprimit,</span> <span class='ocrx_word' id='word_1_7' title='bbox 993 329 1039 361; x_wconf 87' lang='lat' dir='ltr'>ut</span> <span class='ocrx_word' id='word_1_8' title='bbox 1059 321 1156 362; x_wconf 89' lang='lat' dir='ltr'>nihil</span> <span class='ocrx_word' id='word_1_9' title='bbox 1179 320 1312 363; x_wconf 91' lang='lat' dir='ltr'>divino</span> <span class='ocrx_word' id='word_1_10' title='bbox 1336 322 1458 364; x_wconf 90' lang='lat' dir='ltr'>cultui</span> <span class='ocrx_word' id='word_1_11' title='bbox 1481 323 1772 367; x_wconf 82' lang='lat' dir='ltr'>accomodatius</span> 
     </span>
     <span class='ocr_line' id='line_1_4' title="bbox 284 404 1776 463; baseline 0.003 -19"><span class='ocrx_word' id='word_1_12' title='bbox 284 405 343 445; x_wconf 91' lang='lat' dir='ltr'>vel</span> <span class='ocrx_word' id='word_1_13' title='bbox 376 407 577 446; x_wconf 87' lang='lat' dir='ltr'>inventum</span> <span class='ocrx_word' id='word_1_14' title='bbox 610 406 662 445; x_wconf 92' lang='lat' dir='ltr'>sit</span> <span class='ocrx_word' id='word_1_15' title='bbox 691 404 752 445; x_wconf 89' lang='lat' dir='ltr'>vel</span> <span class='ocrx_word' id='word_1_16' title='bbox 782 406 912 461; x_wconf 82' lang='lat' dir='ltr'>possit</span> <span class='ocrx_word' id='word_1_17' title='bbox 941 406 1120 446; x_wconf 89' lang='lat' dir='ltr'>inveniri.</span> <span class='ocrx_word' id='word_1_18' title='bbox 1173 404 1353 447; x_wconf 87' lang='lat' dir='ltr'>Alterum</span> <span class='ocrx_word' id='word_1_19' title='bbox 1383 408 1594 463; x_wconf 87' lang='lat' dir='ltr'>praecipua</span> <span class='ocrx_word' id='word_1_20' title='bbox 1624 407 1776 450; x_wconf 86' lang='lat' dir='ltr'>Israeli-</span> 
     </span>
     <span class='ocr_line' id='line_1_5' title="bbox 283 487 1773 547; baseline 0.001 -17"><span class='ocrx_word' id='word_1_21' title='bbox 283 497 411 531; x_wconf 87' lang='lat' dir='ltr'>tarum</span> <span class='ocrx_word' id='word_1_22' title='bbox 443 487 617 529; x_wconf 87' lang='lat' dir='ltr'>facinora</span> <span class='ocrx_word' id='word_1_23' title='bbox 650 496 947 537; x_wconf 82' lang='lat' dir='ltr'>commemorat,</span> <span class='ocrx_word' id='word_1_24' title='bbox 981 496 1098 544; x_wconf 88' lang='lat' dir='ltr'>atque</span> <span class='ocrx_word' id='word_1_25' title='bbox 1130 502 1213 529; x_wconf 88' lang='lat' dir='ltr'>eam</span> <span class='ocrx_word' id='word_1_26' title='bbox 1235 488 1286 530; x_wconf 89' lang='lat' dir='ltr'>ob</span> <span class='ocrx_word' id='word_1_27' title='bbox 1308 503 1388 530; x_wconf 90' lang='lat' dir='ltr'>rem</span> <span class='ocrx_word' id='word_1_28' title='bbox 1411 489 1618 531; x_wconf 87' lang='lat' dir='ltr'>historiam</span> <span class='ocrx_word' id='word_1_29' title='bbox 1638 492 1773 547; x_wconf 91' lang='lat' dir='ltr'>potius</span> 
     </span>
     <span class='ocr_line' id='line_1_6' title="bbox 284 570 1775 630; baseline 0.001 -17"><span class='ocrx_word' id='word_1_30' title='bbox 284 587 401 630; x_wconf 87' lang='lat' dir='ltr'>quam</span> <span class='ocrx_word' id='word_1_31' title='bbox 439 586 500 612; x_wconf 92' lang='lat' dir='ltr'>res</span> <span class='ocrx_word' id='word_1_32' title='bbox 541 570 692 612; x_wconf 89' lang='lat' dir='ltr'>divinas</span> <span class='ocrx_word' id='word_1_33' title='bbox 733 574 848 628; x_wconf 87' lang='lat' dir='ltr'>sapit.</span> <span class='ocrx_word' id='word_1_34' title='bbox 910 571 1059 612; x_wconf 87' lang='lat' dir='ltr'>Verum</span> <span class='ocrx_word' id='word_1_35' title='bbox 1098 574 1199 613; x_wconf 89' lang='lat' dir='ltr'>enim</span> <span class='ocrx_word' id='word_1_36' title='bbox 1239 586 1353 622; x_wconf 89' lang='lat' dir='ltr'>vero,</span> <span class='ocrx_word' id='word_1_37' title='bbox 1398 587 1443 614; x_wconf 84' lang='lat' dir='ltr'>ea</span> <span class='ocrx_word' id='word_1_38' title='bbox 1482 581 1565 614; x_wconf 92' lang='lat' dir='ltr'>erat</span> <span class='ocrx_word' id='word_1_39' title='bbox 1599 581 1775 615; x_wconf 88' lang='lat' dir='ltr'>veterum</span> 
     </span>
     <span class='ocr_line' id='line_1_7' title="bbox 283 655 1775 713; baseline 0.001 -16"><span class='ocrx_word' id='word_1_40' title='bbox 283 655 554 697; x_wconf 85' lang='lat' dir='ltr'>Hebraeorum</span> <span class='ocrx_word' id='word_1_41' title='bbox 585 655 748 712; x_wconf 81' lang='lat' dir='ltr'>relligio,</span> <span class='ocrx_word' id='word_1_42' title='bbox 783 664 828 696; x_wconf 91' lang='lat' dir='ltr'>ut</span> <span class='ocrx_word' id='word_1_43' title='bbox 858 664 951 712; x_wconf 87' lang='lat' dir='ltr'>post</span> <span class='ocrx_word' id='word_1_44' title='bbox 984 655 1158 696; x_wconf 87' lang='lat' dir='ltr'>devictos</span> <span class='ocrx_word' id='word_1_45' title='bbox 1191 655 1347 705; x_wconf 86' lang='lat' dir='ltr'>hostes,</span> <span class='ocrx_word' id='word_1_46' title='bbox 1385 665 1479 712; x_wconf 92' lang='lat' dir='ltr'>post</span> <span class='ocrx_word' id='word_1_47' title='bbox 1508 665 1775 713; x_wconf 83' lang='lat' dir='ltr'>recuperatam</span> 
     </span>
     <span class='ocr_line' id='line_1_8' title="bbox 282 724 1774 795; baseline 0.001 -14"><span class='ocrx_word' id='word_1_48' title='bbox 282 739 519 788; x_wconf 85' lang='lat' dir='ltr'>libertatem,</span> <span class='ocrx_word' id='word_1_49' title='bbox 563 738 660 779; x_wconf 92' lang='lat' dir='ltr'>nihil</span> <span class='ocrx_word' id='word_1_50' title='bbox 699 740 898 795; x_wconf 86' lang='lat' dir='ltr'>antiquius</span> <span class='ocrx_word' id='word_1_51' title='bbox 941 724 1151 789; x_wconf 87' lang='lat' dir='ltr'>haberent,</span> <span class='ocrx_word' id='word_1_52' title='bbox 1195 753 1312 795; x_wconf 89' lang='lat' dir='ltr'>quam</span> <span class='ocrx_word' id='word_1_53' title='bbox 1353 747 1398 780; x_wconf 90' lang='lat' dir='ltr'>ut</span> <span class='ocrx_word' id='word_1_54' title='bbox 1427 739 1602 781; x_wconf 87' lang='lat' dir='ltr'>Jehovae</span> <span class='ocrx_word' id='word_1_55' title='bbox 1639 740 1774 782; x_wconf 89' lang='lat' dir='ltr'>laudes</span> 
     </span>
     <span class='ocr_line' id='line_1_9' title="bbox 284 821 1774 879; baseline 0 -14"><span class='ocrx_word' id='word_1_56' title='bbox 284 823 545 865; x_wconf 83' lang='lat' dir='ltr'>decantarent.</span> <span class='ocrx_word' id='word_1_57' title='bbox 596 821 701 876; x_wconf 77' lang='lat' dir='ltr'>Quid</span> <span class='ocrx_word' id='word_1_58' title='bbox 732 821 916 879; x_wconf 80' lang='lat' dir='ltr'>quaeris?</span> <span class='ocrx_word' id='word_1_59' title='bbox 947 824 1049 863; x_wconf 85' lang='lat' dir='ltr'>veris</span> <span class='ocrx_word' id='word_1_60' title='bbox 1072 822 1255 863; x_wconf 87' lang='lat' dir='ltr'>Israelitis</span> <span class='ocrx_word' id='word_1_61' title='bbox 1278 822 1384 863; x_wconf 91' lang='lat' dir='ltr'>Deus</span> <span class='ocrx_word' id='word_1_62' title='bbox 1418 831 1500 863; x_wconf 88' lang='lat' dir='ltr'>erat</span> <span class='ocrx_word' id='word_1_63' title='bbox 1528 825 1569 864; x_wconf 92' lang='lat' dir='ltr'>in</span> <span class='ocrx_word' id='word_1_64' title='bbox 1592 823 1774 865; x_wconf 90' lang='lat' dir='ltr'>omnibus</span> 
     </span>
     <span class='ocr_line' id='line_1_10' title="bbox 284 905 1775 962; baseline 0 -14"><span class='ocrx_word' id='word_1_65' title='bbox 284 916 322 948; x_wconf 91' lang='lat' dir='ltr'>et</span> <span class='ocrx_word' id='word_1_66' title='bbox 352 915 440 947; x_wconf 89' lang='lat' dir='ltr'>ante</span> <span class='ocrx_word' id='word_1_67' title='bbox 472 908 620 947; x_wconf 89' lang='lat' dir='ltr'>omnia:</span> <span class='ocrx_word' id='word_1_68' title='bbox 662 914 700 947; x_wconf 91' lang='lat' dir='ltr'>et</span> <span class='ocrx_word' id='word_1_69' title='bbox 731 905 947 946; x_wconf 86' lang='lat' dir='ltr'>humillima</span> <span class='ocrx_word' id='word_1_70' title='bbox 987 906 1108 946; x_wconf 90' lang='lat' dir='ltr'>divini</span> <span class='ocrx_word' id='word_1_71' title='bbox 1139 905 1319 946; x_wconf 87' lang='lat' dir='ltr'>Nominis</span> <span class='ocrx_word' id='word_1_72' title='bbox 1353 905 1531 947; x_wconf 86' lang='lat' dir='ltr'>adoratio</span> <span class='ocrx_word' id='word_1_73' title='bbox 1564 907 1626 947; x_wconf 91' lang='lat' dir='ltr'>vel</span> <span class='ocrx_word' id='word_1_74' title='bbox 1650 908 1775 962; x_wconf 85' lang='lat' dir='ltr'>jacta-</span> 
     </span>
     <span class='ocr_line' id='line_1_11' title="bbox 282 987 1773 1045; baseline 0 -13"><span class='ocrx_word' id='word_1_75' title='bbox 282 990 436 1033; x_wconf 86' lang='lat' dir='ltr'>bundas</span> <span class='ocrx_word' id='word_1_76' title='bbox 470 992 672 1030; x_wconf 89' lang='lat' dir='ltr'>ovantium</span> <span class='ocrx_word' id='word_1_77' title='bbox 705 989 999 1030; x_wconf 84' lang='lat' dir='ltr'>acclamationes</span> <span class='ocrx_word' id='word_1_78' title='bbox 1027 987 1284 1045; x_wconf 87' lang='lat' dir='ltr'>temperabat:</span> <span class='ocrx_word' id='word_1_79' title='bbox 1319 988 1429 1045; x_wconf 91' lang='lat' dir='ltr'>quod</span> <span class='ocrx_word' id='word_1_80' title='bbox 1450 991 1489 1030; x_wconf 91' lang='lat' dir='ltr'>in</span> <span class='ocrx_word' id='word_1_81' title='bbox 1511 989 1587 1030; x_wconf 91' lang='lat' dir='ltr'>hoc</span> <span class='ocrx_word' id='word_1_82' title='bbox 1611 988 1773 1032; x_wconf 81' lang='lat' dir='ltr'>cantico</span> 
     </span>
     <span class='ocr_line' id='line_1_12' title="bbox 282 1071 1775 1132; baseline -0.001 -16"><span class='ocrx_word' id='word_1_83' title='bbox 282 1076 489 1132; x_wconf 87' lang='lat' dir='ltr'>praecipue</span> <span class='ocrx_word' id='word_1_84' title='bbox 530 1072 887 1114; x_wconf 87' lang='lat' dir='ltr'>animadvertimus.</span> <span class='ocrx_word' id='word_1_85' title='bbox 949 1071 1048 1113; x_wconf 82' lang='lat' dir='ltr'>Nam</span> <span class='ocrx_word' id='word_1_86' title='bbox 1087 1075 1241 1113; x_wconf 89' lang='lat' dir='ltr'>tametsi</span> <span class='ocrx_word' id='word_1_87' title='bbox 1279 1072 1431 1113; x_wconf 90' lang='lat' dir='ltr'>nullum</span> <span class='ocrx_word' id='word_1_88' title='bbox 1471 1081 1530 1114; x_wconf 91' lang='lat' dir='ltr'>est</span> <span class='ocrx_word' id='word_1_89' title='bbox 1566 1074 1775 1129; x_wconf 88' lang='lat' dir='ltr'>epinicium</span> 
     </span>
     <span class='ocr_line' id='line_1_13' title="bbox 284 1154 1772 1216; baseline -0.001 -17"><span class='ocrx_word' id='word_1_90' title='bbox 284 1174 362 1216; x_wconf 87' lang='lat' dir='ltr'>quo</span> <span class='ocrx_word' id='word_1_91' title='bbox 397 1159 592 1198; x_wconf 85' lang='lat' dir='ltr'>victorum</span> <span class='ocrx_word' id='word_1_92' title='bbox 625 1156 815 1197; x_wconf 78' lang='lat' dir='ltr'>exultatio</span> <span class='ocrx_word' id='word_1_93' title='bbox 854 1154 1015 1197; x_wconf 86' lang='lat' dir='ltr'>liberius</span> <span class='ocrx_word' id='word_1_94' title='bbox 1049 1158 1304 1212; x_wconf 84' lang='lat' dir='ltr'>exprimitur,</span> <span class='ocrx_word' id='word_1_95' title='bbox 1343 1165 1473 1197; x_wconf 88' lang='lat' dir='ltr'>tamen</span> <span class='ocrx_word' id='word_1_96' title='bbox 1504 1156 1772 1207; x_wconf 89' lang='lat' dir='ltr'>nihilominus,</span> 
     </span>
     <span class='ocr_line' id='line_1_14' title="bbox 283 1239 1775 1299; baseline -0.001 -16"><span class='ocrx_word' id='word_1_97' title='bbox 283 1242 330 1284; x_wconf 88' lang='lat' dir='ltr'>ab</span> <span class='ocrx_word' id='word_1_98' title='bbox 364 1243 474 1283; x_wconf 92' lang='lat' dir='ltr'>initio</span> <span class='ocrx_word' id='word_1_99' title='bbox 507 1255 633 1297; x_wconf 87' lang='lat' dir='ltr'>usque</span> <span class='ocrx_word' id='word_1_100' title='bbox 665 1240 715 1281; x_wconf 92' lang='lat' dir='ltr'>ad</span> <span class='ocrx_word' id='word_1_101' title='bbox 746 1242 914 1289; x_wconf 79' lang='lat' dir='ltr'>exitum,</span> <span class='ocrx_word' id='word_1_102' title='bbox 955 1239 1129 1281; x_wconf 86' lang='lat' dir='ltr'>Jehovae</span> <span class='ocrx_word' id='word_1_103' title='bbox 1162 1254 1304 1299; x_wconf 84' lang='lat' dir='ltr'>nomen</span> <span class='ocrx_word' id='word_1_104' title='bbox 1335 1239 1594 1296; x_wconf 86' lang='lat' dir='ltr'>praedicatur,</span> <span class='ocrx_word' id='word_1_105' title='bbox 1630 1248 1676 1281; x_wconf 93' lang='lat' dir='ltr'>ut</span> <span class='ocrx_word' id='word_1_106' title='bbox 1707 1243 1775 1297; x_wconf 87' lang='lat' dir='ltr'>qui</span> 
     </span>
     <span class='ocr_line' id='line_1_15' title="bbox 281 1322 1776 1383; baseline -0.003 -15"><span class='ocrx_word' id='word_1_107' title='bbox 281 1326 476 1383; x_wconf 88' lang='lat' dir='ltr'>populum</span> <span class='ocrx_word' id='word_1_108' title='bbox 508 1340 623 1366; x_wconf 91' lang='lat' dir='ltr'>suum</span> <span class='ocrx_word' id='word_1_109' title='bbox 655 1326 695 1364; x_wconf 91' lang='lat' dir='ltr'>in</span> <span class='ocrx_word' id='word_1_110' title='bbox 726 1323 944 1364; x_wconf 86' lang='lat' dir='ltr'>libertatem</span> <span class='ocrx_word' id='word_1_111' title='bbox 975 1322 1273 1373; x_wconf 87' lang='lat' dir='ltr'>vindicavisset,</span> <span class='ocrx_word' id='word_1_112' title='bbox 1308 1332 1425 1380; x_wconf 85' lang='lat' dir='ltr'>atque</span> <span class='ocrx_word' id='word_1_113' title='bbox 1456 1323 1498 1365; x_wconf 90' lang='lat' dir='ltr'>id</span> <span class='ocrx_word' id='word_1_114' title='bbox 1530 1322 1646 1364; x_wconf 88' lang='lat' dir='ltr'>debili</span> <span class='ocrx_word' id='word_1_115' title='bbox 1679 1323 1776 1365; x_wconf 88' lang='lat' dir='ltr'>dua-</span> 
     </span>
     <span class='ocr_line' id='line_1_16' title="bbox 281 1406 1775 1464; baseline -0.001 -13"><span class='ocrx_word' id='word_1_116' title='bbox 281 1425 368 1451; x_wconf 89' lang='lat' dir='ltr'>rum</span> <span class='ocrx_word' id='word_1_117' title='bbox 410 1409 616 1450; x_wconf 85' lang='lat' dir='ltr'>mulierum</span> <span class='ocrx_word' id='word_1_118' title='bbox 655 1409 929 1448; x_wconf 89' lang='lat' dir='ltr'>instrumento.</span> <span class='ocrx_word' id='word_1_119' title='bbox 995 1406 1112 1460; x_wconf 78' lang='lat' dir='ltr'>Quod</span> <span class='ocrx_word' id='word_1_120' title='bbox 1149 1407 1289 1448; x_wconf 88' lang='lat' dir='ltr'>clarius</span> <span class='ocrx_word' id='word_1_121' title='bbox 1323 1406 1528 1464; x_wconf 87' lang='lat' dir='ltr'>apparebit</span> <span class='ocrx_word' id='word_1_122' title='bbox 1558 1409 1591 1448; x_wconf 92' lang='lat' dir='ltr'>si</span> <span class='ocrx_word' id='word_1_123' title='bbox 1623 1422 1775 1450; x_wconf 84' lang='lat' dir='ltr'>carmen</span> 
     </span>
     <span class='ocr_line' id='line_1_17' title="bbox 282 1490 1774 1551; baseline 0 -16"><span class='ocrx_word' id='word_1_124' title='bbox 282 1496 411 1551; x_wconf 91' lang='lat' dir='ltr'>ipsum</span> <span class='ocrx_word' id='word_1_125' title='bbox 444 1495 484 1533; x_wconf 91' lang='lat' dir='ltr'>in</span> <span class='ocrx_word' id='word_1_126' title='bbox 518 1491 692 1533; x_wconf 87' lang='lat' dir='ltr'>membra</span> <span class='ocrx_word' id='word_1_127' title='bbox 730 1506 801 1532; x_wconf 88' lang='lat' dir='ltr'>sua</span> <span class='ocrx_word' id='word_1_128' title='bbox 834 1490 1102 1547; x_wconf 85' lang='lat' dir='ltr'>discerpimus.</span> <span class='ocrx_word' id='word_1_129' title='bbox 1165 1490 1319 1531; x_wconf 86' lang='lat' dir='ltr'>Etenim</span> <span class='ocrx_word' id='word_1_130' title='bbox 1350 1490 1530 1533; x_wconf 87' lang='lat' dir='ltr'>Deborae</span> <span class='ocrx_word' id='word_1_131' title='bbox 1562 1492 1638 1534; x_wconf 90' lang='lat' dir='ltr'>hoc</span> <span class='ocrx_word' id='word_1_132' title='bbox 1671 1492 1774 1536; x_wconf 79' lang='lat' dir='ltr'>Can-</span> 
     </span>
     <span class='ocr_line' id='line_1_18' title="bbox 281 1574 1771 1634; baseline 0 -16"><span class='ocrx_word' id='word_1_133' title='bbox 281 1580 402 1618; x_wconf 85' lang='lat' dir='ltr'>ticum</span> <span class='ocrx_word' id='word_1_134' title='bbox 434 1578 473 1617; x_wconf 90' lang='lat' dir='ltr'>in</span> <span class='ocrx_word' id='word_1_135' title='bbox 507 1576 637 1617; x_wconf 89' lang='lat' dir='ltr'>decem</span> <span class='ocrx_word' id='word_1_136' title='bbox 669 1575 854 1631; x_wconf 87' lang='lat' dir='ltr'>strophas</span> <span class='ocrx_word' id='word_1_137' title='bbox 888 1577 969 1615; x_wconf 87' lang='lat' dir='ltr'>sive</span> <span class='ocrx_word' id='word_1_138' title='bbox 1001 1576 1232 1630; x_wconf 89' lang='lat' dir='ltr'>partitiones</span> <span class='ocrx_word' id='word_1_139' title='bbox 1260 1574 1429 1615; x_wconf 85' lang='lat' dir='ltr'>divisum</span> <span class='ocrx_word' id='word_1_140' title='bbox 1451 1583 1521 1616; x_wconf 88' lang='lat' dir='ltr'>est.</span> <span class='ocrx_word' id='word_1_141' title='bbox 1570 1576 1612 1617; x_wconf 90' lang='lat' dir='ltr'>In</span> <span class='ocrx_word' id='word_1_142' title='bbox 1633 1579 1771 1634; x_wconf 89' lang='lat' dir='ltr'>prima,</span> 
     </span>
     <span class='ocr_line' id='line_1_19' title="bbox 282 1657 1775 1717; baseline 0.001 -15"><span class='ocrx_word' id='word_1_143' title='bbox 282 1676 342 1703; x_wconf 89' lang='lat' dir='ltr'>res</span> <span class='ocrx_word' id='word_1_144' title='bbox 376 1663 463 1717; x_wconf 85' lang='lat' dir='ltr'>ipsa</span> <span class='ocrx_word' id='word_1_145' title='bbox 494 1661 680 1716; x_wconf 86' lang='lat' dir='ltr'>aperitur,</span> <span class='ocrx_word' id='word_1_146' title='bbox 716 1667 754 1699; x_wconf 90' lang='lat' dir='ltr'>et</span> <span class='ocrx_word' id='word_1_147' title='bbox 783 1660 979 1715; x_wconf 79' lang='lat' dir='ltr'>peregrini</span> <span class='ocrx_word' id='word_1_148' title='bbox 1010 1672 1121 1714; x_wconf 81' lang='lat' dir='ltr'>reges</span> <span class='ocrx_word' id='word_1_149' title='bbox 1154 1657 1202 1698; x_wconf 89' lang='lat' dir='ltr'>ad</span> <span class='ocrx_word' id='word_1_150' title='bbox 1225 1657 1463 1698; x_wconf 89' lang='lat' dir='ltr'>audiendum</span> <span class='ocrx_word' id='word_1_151' title='bbox 1484 1668 1688 1701; x_wconf 88' lang='lat' dir='ltr'>vocantur.</span> <span class='ocrx_word' id='word_1_152' title='bbox 1730 1661 1775 1703; x_wconf 91' lang='lat' dir='ltr'>ln</span> 
     </span>
     <span class='ocr_line' id='line_1_20' title="bbox 284 1740 1775 1800; baseline -0.001 -14"><span class='ocrx_word' id='word_1_153' title='bbox 284 1744 473 1794; x_wconf 87' lang='lat' dir='ltr'>secunda,</span> <span class='ocrx_word' id='word_1_154' title='bbox 511 1751 688 1800; x_wconf 85' lang='lat' dir='ltr'>potestas</span> <span class='ocrx_word' id='word_1_155' title='bbox 723 1742 916 1791; x_wconf 86' lang='lat' dir='ltr'>Jehovae,</span> <span class='ocrx_word' id='word_1_156' title='bbox 949 1741 1209 1782; x_wconf 88' lang='lat' dir='ltr'>Israelitarum</span> <span class='ocrx_word' id='word_1_157' title='bbox 1241 1740 1334 1790; x_wconf 88' lang='lat' dir='ltr'>Dei,</span> <span class='ocrx_word' id='word_1_158' title='bbox 1369 1740 1491 1782; x_wconf 92' lang='lat' dir='ltr'>nobili</span> <span class='ocrx_word' id='word_1_159' title='bbox 1523 1741 1675 1785; x_wconf 86' lang='lat' dir='ltr'>fervore</span> <span class='ocrx_word' id='word_1_160' title='bbox 1708 1744 1775 1785; x_wconf 85' lang='lat' dir='ltr'>de-</span> 
     </span>
     <span class='ocr_line' id='line_1_21' title="bbox 283 1824 1775 1882; baseline -0.001 -12"><span class='ocrx_word' id='word_1_161' title='bbox 283 1828 479 1871; x_wconf 86' lang='lat' dir='ltr'>scribitur.</span> <span class='ocrx_word' id='word_1_162' title='bbox 527 1827 661 1869; x_wconf 88' lang='lat' dir='ltr'>Tertia</span> <span class='ocrx_word' id='word_1_163' title='bbox 691 1841 782 1882; x_wconf 87' lang='lat' dir='ltr'>pars</span> <span class='ocrx_word' id='word_1_164' title='bbox 816 1825 944 1866; x_wconf 90' lang='lat' dir='ltr'>obiter</span> <span class='ocrx_word' id='word_1_165' title='bbox 973 1826 1166 1881; x_wconf 87' lang='lat' dir='ltr'>percurrit</span> <span class='ocrx_word' id='word_1_166' title='bbox 1197 1827 1377 1866; x_wconf 89' lang='lat' dir='ltr'>miseram</span> <span class='ocrx_word' id='word_1_167' title='bbox 1407 1824 1650 1868; x_wconf 66' lang='lat' dir='ltr'>„Iudaeorum</span> <span class='ocrx_word' id='word_1_168' title='bbox 1681 1842 1775 1869; x_wconf 88' lang='lat' dir='ltr'>con-</span> 
     </span>
     <span class='ocr_line' id='line_1_22' title="bbox 284 1908 1774 1967; baseline -0.001 -13"><span class='ocrx_word' id='word_1_169' title='bbox 284 1912 472 1954; x_wconf 87' lang='lat' dir='ltr'>ditionem</span> <span class='ocrx_word' id='word_1_170' title='bbox 504 1920 591 1952; x_wconf 85' lang='lat' dir='ltr'>ante</span> <span class='ocrx_word' id='word_1_171' title='bbox 626 1919 751 1951; x_wconf 87' lang='lat' dir='ltr'>ortam</span> <span class='ocrx_word' id='word_1_172' title='bbox 783 1908 993 1951; x_wconf 86' lang='lat' dir='ltr'>Deboram.</span> <span class='ocrx_word' id='word_1_173' title='bbox 1044 1908 1193 1962; x_wconf 79' lang='lat' dir='ltr'>Quarta</span> <span class='ocrx_word' id='word_1_174' title='bbox 1226 1923 1359 1950; x_wconf 88' lang='lat' dir='ltr'>omnes</span> <span class='ocrx_word' id='word_1_175' title='bbox 1391 1908 1442 1950; x_wconf 89' lang='lat' dir='ltr'>ad</span> <span class='ocrx_word' id='word_1_176' title='bbox 1471 1910 1774 1967; x_wconf 80' lang='lat' dir='ltr'>gratulationem</span> 
     </span>
     <span class='ocr_line' id='line_1_23' title="bbox 283 1991 1775 2052; baseline -0.001 -14"><span class='ocrx_word' id='word_1_177' title='bbox 283 2006 321 2038; x_wconf 88' lang='lat' dir='ltr'>et</span> <span class='ocrx_word' id='word_1_178' title='bbox 352 1996 402 2037; x_wconf 92' lang='lat' dir='ltr'>ad</span> <span class='ocrx_word' id='word_1_179' title='bbox 423 1995 495 2037; x_wconf 87' lang='lat' dir='ltr'>Dei</span> <span class='ocrx_word' id='word_1_180' title='bbox 525 1994 659 2036; x_wconf 86' lang='lat' dir='ltr'>laudes</span> <span class='ocrx_word' id='word_1_181' title='bbox 692 2003 857 2051; x_wconf 87' lang='lat' dir='ltr'>propter</span> <span class='ocrx_word' id='word_1_182' title='bbox 888 1991 1157 2034; x_wconf 88' lang='lat' dir='ltr'>liberationem</span> <span class='ocrx_word' id='word_1_183' title='bbox 1186 1994 1338 2033; x_wconf 86' lang='lat' dir='ltr'>invitat.</span> <span class='ocrx_word' id='word_1_184' title='bbox 1386 1992 1429 2033; x_wconf 92' lang='lat' dir='ltr'>In</span> <span class='ocrx_word' id='word_1_185' title='bbox 1451 1995 1588 2050; x_wconf 85' lang='lat' dir='ltr'>quinta</span> <span class='ocrx_word' id='word_1_186' title='bbox 1609 1995 1775 2052; x_wconf 89' lang='lat' dir='ltr'>stropha</span> 
     </span>
     <span class='ocr_line' id='line_1_24' title="bbox 282 2075 1774 2135; baseline -0.002 -12"><span class='ocrx_word' id='word_1_187' title='bbox 282 2088 533 2124; x_wconf 85' lang='lat' dir='ltr'>recensentur</span> <span class='ocrx_word' id='word_1_188' title='bbox 564 2078 725 2120; x_wconf 89' lang='lat' dir='ltr'>tribules</span> <span class='ocrx_word' id='word_1_189' title='bbox 759 2080 827 2135; x_wconf 90' lang='lat' dir='ltr'>qui</span> <span class='ocrx_word' id='word_1_190' title='bbox 861 2091 1019 2134; x_wconf 86' lang='lat' dir='ltr'>operam</span> <span class='ocrx_word' id='word_1_191' title='bbox 1041 2078 1227 2117; x_wconf 89' lang='lat' dir='ltr'>victoriae</span> <span class='ocrx_word' id='word_1_192' title='bbox 1249 2075 1466 2127; x_wconf 78' lang='lat' dir='ltr'>navabant3</span> <span class='ocrx_word' id='word_1_193' title='bbox 1498 2079 1539 2118; x_wconf 90' lang='lat' dir='ltr'>in</span> <span class='ocrx_word' id='word_1_194' title='bbox 1560 2086 1671 2119; x_wconf 85' lang='lat' dir='ltr'>sexta</span> <span class='ocrx_word' id='word_1_195' title='bbox 1693 2079 1774 2120; x_wconf 90' lang='lat' dir='ltr'>cul-</span> 
     </span>
     <span class='ocr_line' id='line_1_25' title="bbox 281 2159 1774 2222; baseline -0.001 -17"><span class='ocrx_word' id='word_1_196' title='bbox 281 2173 427 2222; x_wconf 87' lang='lat' dir='ltr'>pantur</span> <span class='ocrx_word' id='word_1_197' title='bbox 467 2165 494 2204; x_wconf 91' lang='lat' dir='ltr'>ii</span> <span class='ocrx_word' id='word_1_198' title='bbox 527 2165 594 2219; x_wconf 88' lang='lat' dir='ltr'>qui</span> <span class='ocrx_word' id='word_1_199' title='bbox 634 2177 773 2218; x_wconf 88' lang='lat' dir='ltr'>parum</span> <span class='ocrx_word' id='word_1_200' title='bbox 803 2163 979 2218; x_wconf 90' lang='lat' dir='ltr'>prompti</span> <span class='ocrx_word' id='word_1_201' title='bbox 1011 2160 1059 2201; x_wconf 88' lang='lat' dir='ltr'>ad</span> <span class='ocrx_word' id='word_1_202' title='bbox 1090 2160 1283 2216; x_wconf 82' lang='lat' dir='ltr'>proelium</span> <span class='ocrx_word' id='word_1_203' title='bbox 1315 2159 1534 2202; x_wconf 85' lang='lat' dir='ltr'>veniebant.</span> <span class='ocrx_word' id='word_1_204' title='bbox 1598 2160 1774 2219; x_wconf 87' lang='lat' dir='ltr'>Septima</span> 
     </span>
     <span class='ocr_line' id='line_1_26' title="bbox 281 2243 1770 2305; baseline -0.001 -16"><span class='ocrx_word' id='word_1_205' title='bbox 281 2262 372 2305; x_wconf 89' lang='lat' dir='ltr'>pars</span> <span class='ocrx_word' id='word_1_206' title='bbox 414 2247 609 2303; x_wconf 88' lang='lat' dir='ltr'>proelium</span> <span class='ocrx_word' id='word_1_207' title='bbox 647 2245 835 2302; x_wconf 81' lang='lat' dir='ltr'>depingit.</span> <span class='ocrx_word' id='word_1_208' title='bbox 901 2243 1049 2286; x_wconf 83' lang='lat' dir='ltr'>Octava</span> <span class='ocrx_word' id='word_1_209' title='bbox 1091 2252 1317 2285; x_wconf 77' lang='lat' dir='ltr'>exsecratur</span> <span class='ocrx_word' id='word_1_210' title='bbox 1356 2258 1423 2285; x_wconf 90' lang='lat' dir='ltr'>eos</span> <span class='ocrx_word' id='word_1_211' title='bbox 1461 2247 1770 2301; x_wconf 84' lang='lat' dir='ltr'>peregrinorum,</span> 
     </span>
     <span class='ocr_line' id='line_1_27' title="bbox 283 2327 1773 2389; baseline -0.001 -17"><span class='ocrx_word' id='word_1_212' title='bbox 283 2333 351 2389; x_wconf 90' lang='lat' dir='ltr'>qui</span> <span class='ocrx_word' id='word_1_213' title='bbox 382 2330 574 2387; x_wconf 83' lang='lat' dir='ltr'>fugientes</span> <span class='ocrx_word' id='word_1_214' title='bbox 608 2330 783 2370; x_wconf 88' lang='lat' dir='ltr'>inimicos</span> <span class='ocrx_word' id='word_1_215' title='bbox 812 2327 1007 2368; x_wconf 87' lang='lat' dir='ltr'>trucidare</span> <span class='ocrx_word' id='word_1_216' title='bbox 1031 2329 1261 2379; x_wconf 82' lang='lat' dir='ltr'>omiserant3</span> <span class='ocrx_word' id='word_1_217' title='bbox 1295 2328 1405 2384; x_wconf 91' lang='lat' dir='ltr'>quod</span> <span class='ocrx_word' id='word_1_218' title='bbox 1425 2336 1573 2378; x_wconf 86' lang='lat' dir='ltr'>contra,</span> <span class='ocrx_word' id='word_1_219' title='bbox 1607 2331 1646 2369; x_wconf 91' lang='lat' dir='ltr'>in</span> <span class='ocrx_word' id='word_1_220' title='bbox 1667 2343 1773 2370; x_wconf 90' lang='lat' dir='ltr'>nona</span> 
     </span>
     <span class='ocr_line' id='line_1_28' title="bbox 282 2411 1770 2467; baseline -0.002 -11"><span class='ocrx_word' id='word_1_221' title='bbox 282 2414 467 2456; x_wconf 86' lang='lat' dir='ltr'>laudatur</span> <span class='ocrx_word' id='word_1_222' title='bbox 500 2412 667 2455; x_wconf 90' lang='lat' dir='ltr'>Cheberi</span> <span class='ocrx_word' id='word_1_223' title='bbox 697 2426 813 2461; x_wconf 82' lang='lat' dir='ltr'>uxor,</span> <span class='ocrx_word' id='word_1_224' title='bbox 853 2425 952 2467; x_wconf 87' lang='lat' dir='ltr'>quae</span> <span class='ocrx_word' id='word_1_225' title='bbox 985 2411 1071 2451; x_wconf 89' lang='lat' dir='ltr'>utili</span> <span class='ocrx_word' id='word_1_226' title='bbox 1102 2413 1225 2467; x_wconf 82' lang='lat' dir='ltr'>magis</span> <span class='ocrx_word' id='word_1_227' title='bbox 1259 2425 1375 2467; x_wconf 85' lang='lat' dir='ltr'>quam</span> <span class='ocrx_word' id='word_1_228' title='bbox 1408 2412 1575 2453; x_wconf 91' lang='lat' dir='ltr'>honesto</span> <span class='ocrx_word' id='word_1_229' title='bbox 1607 2411 1770 2453; x_wconf 90' lang='lat' dir='ltr'>artificio</span> 
     </span>
     <span class='ocr_line' id='line_1_29' title="bbox 284 2494 1771 2551; baseline -0.002 -11"><span class='ocrx_word' id='word_1_230' title='bbox 284 2499 420 2540; x_wconf 89' lang='lat' dir='ltr'>ducem</span> <span class='ocrx_word' id='word_1_231' title='bbox 452 2496 756 2539; x_wconf 88' lang='lat' dir='ltr'>Canaanitarum</span> <span class='ocrx_word' id='word_1_232' title='bbox 789 2502 1049 2551; x_wconf 86' lang='lat' dir='ltr'>oppresserat.</span> <span class='ocrx_word' id='word_1_233' title='bbox 1112 2494 1310 2549; x_wconf 84' lang='lat' dir='ltr'>Denique,</span> <span class='ocrx_word' id='word_1_234' title='bbox 1351 2494 1497 2535; x_wconf 88' lang='lat' dir='ltr'>decima</span> <span class='ocrx_word' id='word_1_235' title='bbox 1527 2509 1618 2550; x_wconf 88' lang='lat' dir='ltr'>pars</span> <span class='ocrx_word' id='word_1_236' title='bbox 1650 2510 1771 2537; x_wconf 89' lang='lat' dir='ltr'>vanas</span> 
     </span>
     <span class='ocr_line' id='line_1_30' title="bbox 283 2577 1770 2639; baseline -0.002 -15"><span class='ocrx_word' id='word_1_237' title='bbox 283 2597 382 2639; x_wconf 88' lang='lat' dir='ltr'>quae</span> <span class='ocrx_word' id='word_1_238' title='bbox 414 2582 593 2623; x_wconf 88' lang='lat' dir='ltr'>mulieres</span> <span class='ocrx_word' id='word_1_239' title='bbox 626 2581 801 2621; x_wconf 85' lang='lat' dir='ltr'>hostium</span> <span class='ocrx_word' id='word_1_240' title='bbox 831 2577 1028 2620; x_wconf 87' lang='lat' dir='ltr'>lactabant</span> <span class='ocrx_word' id='word_1_241' title='bbox 1058 2592 1160 2634; x_wconf 87' lang='lat' dir='ltr'>spes,</span> <span class='ocrx_word' id='word_1_242' title='bbox 1195 2592 1324 2618; x_wconf 85' lang='lat' dir='ltr'>amara</span> <span class='ocrx_word' id='word_1_243' title='bbox 1355 2579 1534 2619; x_wconf 91' lang='lat' dir='ltr'>irrisione</span> <span class='ocrx_word' id='word_1_244' title='bbox 1557 2579 1770 2621; x_wconf 89' lang='lat' dir='ltr'>cavillatur.</span> 
     </span>
     <span class='ocr_line' id='line_1_31' title="bbox 281 2660 1771 2721; baseline -0.001 -15"><span class='ocrx_word' id='word_1_245' title='bbox 281 2666 362 2707; x_wconf 87' lang='lat' dir='ltr'>Has</span> <span class='ocrx_word' id='word_1_246' title='bbox 396 2664 580 2721; x_wconf 89' lang='lat' dir='ltr'>strophas</span> <span class='ocrx_word' id='word_1_247' title='bbox 612 2665 714 2704; x_wconf 91' lang='lat' dir='ltr'>inter</span> <span class='ocrx_word' id='word_1_248' title='bbox 744 2662 970 2719; x_wconf 86' lang='lat' dir='ltr'>Baraquum</span> <span class='ocrx_word' id='word_1_249' title='bbox 1003 2676 1045 2703; x_wconf 89' lang='lat' dir='ltr'>ac</span> <span class='ocrx_word' id='word_1_250' title='bbox 1076 2660 1272 2702; x_wconf 86' lang='lat' dir='ltr'>Deboram</span> <span class='ocrx_word' id='word_1_251' title='bbox 1304 2663 1359 2702; x_wconf 86' lang='lat' dir='ltr'>ita</span> <span class='ocrx_word' id='word_1_252' title='bbox 1391 2660 1592 2712; x_wconf 87' lang='lat' dir='ltr'>distribui,</span> <span class='ocrx_word' id='word_1_253' title='bbox 1633 2670 1680 2704; x_wconf 90' lang='lat' dir='ltr'>ut</span> <span class='ocrx_word' id='word_1_254' title='bbox 1708 2662 1771 2704; x_wconf 88' lang='lat' dir='ltr'>ille</span> 
     </span>
     <span class='ocr_line' id='line_1_32' title="bbox 284 2744 1772 2806; baseline -0.001 -17"><span class='ocrx_word' id='word_1_255' title='bbox 284 2748 441 2806; x_wconf 87' lang='lat' dir='ltr'>quidem</span> <span class='ocrx_word' id='word_1_256' title='bbox 472 2746 670 2789; x_wconf 89' lang='lat' dir='ltr'>Deboram</span> <span class='ocrx_word' id='word_1_257' title='bbox 702 2747 750 2787; x_wconf 86' lang='lat' dir='ltr'>ad</span> <span class='ocrx_word' id='word_1_258' title='bbox 784 2745 1018 2787; x_wconf 80' lang='lat' dir='ltr'>cantandum</span> <span class='ocrx_word' id='word_1_259' title='bbox 1050 2747 1211 2795; x_wconf 82' lang='lat' dir='ltr'>excitet,</span> <span class='ocrx_word' id='word_1_260' title='bbox 1246 2754 1284 2786; x_wconf 93' lang='lat' dir='ltr'>ct</span> <span class='ocrx_word' id='word_1_261' title='bbox 1314 2747 1487 2786; x_wconf 89' lang='lat' dir='ltr'>tristiore</span> <span class='ocrx_word' id='word_1_262' title='bbox 1520 2744 1702 2802; x_wconf 88' lang='lat' dir='ltr'>culpandi</span> <span class='ocrx_word' id='word_1_263' title='bbox 1734 2754 1772 2787; x_wconf 90' lang='lat' dir='ltr'>et</span> 
     </span>
     <span class='ocr_line' id='line_1_33' title="bbox 283 2827 1770 2886; baseline -0.002 -13"><span class='ocrx_word' id='word_1_264' title='bbox 283 2830 509 2873; x_wconf 80' lang='lat' dir='ltr'>exsecrandi</span> <span class='ocrx_word' id='word_1_265' title='bbox 544 2831 673 2872; x_wconf 85' lang='lat' dir='ltr'>officio</span> <span class='ocrx_word' id='word_1_266' title='bbox 707 2832 747 2871; x_wconf 91' lang='lat' dir='ltr'>in</span> <span class='ocrx_word' id='word_1_267' title='bbox 780 2830 955 2886; x_wconf 89' lang='lat' dir='ltr'>strophis</span> <span class='ocrx_word' id='word_1_268' title='bbox 989 2827 1014 2871; x_wconf 87' lang='lat'>6</span> <span class='ocrx_word' id='word_1_269' title='bbox 1047 2837 1086 2870; x_wconf 89' lang='lat' dir='ltr'>et</span> <span class='ocrx_word' id='word_1_270' title='bbox 1114 2827 1142 2870; x_wconf 89' lang='lat'>8</span> <span class='ocrx_word' id='word_1_271' title='bbox 1175 2828 1372 2886; x_wconf 81' lang='lat' dir='ltr'>fungatur,</span> <span class='ocrx_word' id='word_1_272' title='bbox 1407 2837 1445 2870; x_wconf 90' lang='lat' dir='ltr'>et</span> <span class='ocrx_word' id='word_1_273' title='bbox 1475 2828 1524 2870; x_wconf 92' lang='lat' dir='ltr'>ad</span> <span class='ocrx_word' id='word_1_274' title='bbox 1544 2829 1659 2870; x_wconf 88' lang='lat' dir='ltr'>finem</span> <span class='ocrx_word' id='word_1_275' title='bbox 1682 2843 1770 2870; x_wconf 88' lang='lat' dir='ltr'>can-</span> 
     </span>
    </p>
   </div>
   <div class='ocr_carea' id='block_1_4' title="bbox 282 2911 1770 2971">
    <p class='ocr_par' dir='ltr' id='par_1_4' title="bbox 282 2911 1770 2971">
     <span class='ocr_line' id='line_1_34' title="bbox 282 2911 1770 2971; baseline -0.003 -14"><span class='ocrx_word' id='word_1_276' title='bbox 282 2918 347 2957; x_wconf 89' lang='lat' dir='ltr'>tici</span> <span class='ocrx_word' id='word_1_277' title='bbox 387 2915 555 2957; x_wconf 83' lang='lat' dir='ltr'>declaret</span> <span class='ocrx_word' id='word_1_278' title='bbox 602 2914 804 2971; x_wconf 90' lang='lat' dir='ltr'>quomodo</span> <span class='ocrx_word' id='word_1_279' title='bbox 843 2912 996 2956; x_wconf 87' lang='lat' dir='ltr'>Jehova</span> <span class='ocrx_word' id='word_1_280' title='bbox 1042 2913 1210 2956; x_wconf 88' lang='lat' dir='ltr'>cultores</span> <span class='ocrx_word' id='word_1_281' title='bbox 1251 2927 1346 2955; x_wconf 91' lang='lat' dir='ltr'>suos</span> <span class='ocrx_word' id='word_1_282' title='bbox 1383 2920 1587 2970; x_wconf 84' lang='lat' dir='ltr'>protegat,</span> <span class='ocrx_word' id='word_1_283' title='bbox 1635 2911 1770 2954; x_wconf 88' lang='lat' dir='ltr'>hostes</span> 
     </span>
    </p>
   </div>
  </div>
 </body>
</html>
