1867 3301
955 191 1050 239 126

256 325 331 377 τὰς
361 329 622 384 παρατάξεις
654 328 960 384 ἕπαγόμενον.«
1027 330 1133 384 Quae
1167 346 1286 388 quum
1326 334 1379 373 ita
1411 334 1508 382 sint,
1548 348 1618 389 per
1649 334 1744 375 mihi

257 415 395 454 mirum
428 413 639 463 videretur,
674 415 706 454 si
740 414 922 455 conditor
952 416 1078 470 gentis
1102 415 1304 457 Idumaeae
1337 415 1484 456 nullam
1515 417 1743 472 appellatio-

256 511 342 537 nem
374 496 553 546 haberet,
595 511 693 553 quae
724 500 922 541 nationem
955 498 1121 553 praedae
1153 507 1191 540 et
1222 500 1378 540 militiae
1412 499 1581 540 deditam
1613 501 1744 556 expri-

255 589 393 629 meret,
443 581 587 621 nullam
635 590 788 636 praeter
829 581 1118 638 designationes
1159 582 1242 623 illas
1283 583 1485 638 sylvestris
1526 591 1563 623 et
1601 582 1742 624 rubrae

255 666 439 720 regionis.
501 663 603 705 Fieri
635 673 769 720 potest
799 673 843 706 111
875 667 1076 721 sanguinis
1109 665 1304 722 quandam
1338 666 1660 722 significationem
1693 680 1743 707 ex

254 746 396 787 Edomi
436 749 592 788 nomine
631 750 863 804 expisceris,
905 748 1045 792 veluti⁴
1067 764 1188 804 quum
1219 749 1366 790 Jesaias
1407 749 1483 789 hoc
1518 764 1660 790 nomen
1693 748 1743 790 ad

255 830 421 871 effusum
453 845 630 872 cruorem
661 830 780 873 refert
811 829 976 884 (LXIII,
1013 829 1181 885 1—3),
1224 840 1292 873 aut
1323 847 1444 888 quum
1476 832 1741 888 Hieronymus

255 910 324 967 (de
355 915 586 956 nominihus
618 922 655 956 et
684 915 782 956 locis
802 910 968 968 sanctis)
995 915 1172 971 loquitur
1195 915 1240 956 de
1261 915 1508 968 Adommim,
1543 915 1742 971 quondam

255 997 387 1037 villula
420 999 458 1038 in
491 1006 596 1039 sorte
628 997 755 1039 tribus
781 998 926 1039 Judae:
961 1000 1056 1054 »qui
1084 998 1233 1047 Iocus«,
1268 1000 1414 1054 inquit,
1450 1012 1600 1054 »usque
1623 998 1741 1039 hodie

254 1090 418 1122 vocatur
449 1081 739 1123 sssczledomz'm:
772 1090 809 1123 01
842 1081 985 1123 Graece
1019 1081 1161 1122 dicitur
1193 1078 1402 1134 ἀνάβασις
1432 1083 1627 1136 πυρρῶνι
1667 1082 1741 1123 La-

253 1166 332 1204 tine
373 1173 501 1205 autem
541 1165 727 1221 appellari
765 1173 898 1221 potest
931 1180 1118 1206 (ascensus
1148 1165 1354 1222 ‹rufforzcm
1385 1167 1466 1206 sive
1498 1166 1738 1219 rubentium,

252 1255 414 1303 propter
447 1250 675 1305 sanguinem
709 1250 777 1305 qui
809 1248 884 1289 illic
917 1248 1052 1289 crebro
1086 1264 1107 1289 a
1128 1247 1348 1290 latronibus
1371 1248 1561 1289 funditur.
1610 1248 1739 1304 Hujus

253 1333 402 1372 cruenti
434 1340 471 1372 et
503 1333 743 1388 sanguinarii
774 1332 849 1372 loci
877 1332 1070 1373 Dominus
1105 1346 1263 1388 quoque
1295 1333 1334 1372 in
1355 1331 1549 1373 Parabola
1583 1331 1741 1373 descen-

253 1414 378 1455 dentis
410 1415 608 1456 Jerichum
641 1415 688 1456 de
718 1415 996 1471 Hierosolyma
1028 1415 1269 1456 recordatur.
1281 1430 1297 1449 «
1348 1414 1466 1468 Quod
1498 1417 1529 1456 si
1561 1423 1645 1456 tota
1676 1415 1740 1455 illa

252 1497 453 1539 Idumaeae
485 1500 593 1555 regio
626 1507 706 1540 tam
737 1507 908 1540 atrocem
941 1498 1250 1555 designationem
1272 1507 1436 1555 propter
1458 1498 1591 1540 crebra
1613 1499 1740 1540 homi-

253 1581 351 1622 cidia
392 1590 588 1637 portaret,
635 1584 701 1623 vix
744 1581 924 1624 credibile
964 1591 1022 1623 est
1062 1583 1163 1623 illam
1203 1598 1273 1639 per
1313 1597 1352 1623 sc
1393 1584 1487 1623 satis
1529 1582 1738 1638 simplicem

251 1665 529 1722 etymologiam
562 1680 695 1706 omncs
727 1668 938 1721 scriptores
972 1680 1103 1706 sacros
1125 1666 1297 1707 latuisse.
1345 1665 1431 1706 ε111111
1454 1681 1546 1706 vero
1569 1665 1739 1707 breviter

251 1763 465 1805 exponam,
507 1764 606 1805 qnae
638 1764 698 1790 me
730 1757 959 1805 argumenta
990 1749 1234 1805 impulerint,
1279 1757 1324 1790 ut
1355 1749 1507 1790 credam
1540 1749 1740 1791 Lameclci

251 1847 412 1882 nomen,
455 1832 564 1888 quod
602 1841 808 1889 utramque
838 1832 1155 1874 patriarcharum
1186 1832 1566 1874 antediluvianorum
1598 1848 1739 1890 genea-

250 1915 391 1971 logiam
424 1917 587 1966 invasit,
622 1915 754 1973 ibique
783 1916 950 1957 alienum
974 1914 1138 1957 fundum
1160 1918 1401 1973 usucapione
1424 1916 1613 1966 obtinuit,
1647 1916 1737 1957 Idu-

250 2013 449 2040 maeorum
496 2015 648 2055 proavo
695 1999 980 2041 restituendum
1028 2014 1132 2050 esse,
1180 2008 1297 2056 atque
1338 2002 1482 2057 optime
1523 2014 1736 2056 congruere

250 2082 478 2123 cantilenam
519 2083 643 2133 illam,
685 2098 801 2140 quam
835 2083 881 2124 de
914 2082 1033 2124 feroci
1068 2098 1279 2139 parvarum
1311 2084 1541 2140 injuriarum
1573 2083 1734 2132 ultione,

250 2180 335 2207 cum
369 2169 551 2208 universa
583 2167 702 2208 Esavi
732 2167 1084 2223 Idumaeorumque
1118 2166 1295 2208 historia.

366 2249 423 2290 De
454 2250 647 2292 Lamecho
688 2250 753 2291 illo
787 2250 881 2291 haec
914 2250 1119 2291 dumtaxat
1149 2250 1307 2306 prodita
1339 2259 1443 2291 sunt.
1506 2248 1629 2292 Filius
1662 2249 1737 2291 suit

247 2331 586 2387 Bletlvuslcelaclti,
630 2341 667 2374 et
706 2333 802 2374 duas
843 2333 959 2374 duxit
996 2347 1144 2374 uxores
1183 2333 1322 2374 Adam
1360 2342 1398 2374 et
1438 2334 1475 2375 T
1471 2333 1614 2374 sillam.
1677 2333 1734 2374 De

250 2417 361 2456 tertia
388 2413 521 2457 Esavi
550 2431 696 2466 uxore,
729 2416 877 2458 Ismaeli
909 2416 1005 2465 filia,
1039 2431 1119 2457 11011
1152 2425 1305 2457 constat
1332 2424 1465 2457 utrum
1496 2431 1539 2458 ea
1559 2415 1732 2458 fllaclaa-

248 2498 372 2553 latha,
407 2496 520 2552 (Gen.
543 2499 730 2550 XXVIII,
765 2497 808 2552 9)
841 2515 891 2541 an
912 2498 1142 2542 Basmatlta
1167 2496 1281 2552 (Gen.
1306 2499 1499 2548 XXXVI,
1525 2497 1567 2552 3)
1601 2499 1734 2556 appel-

248 2582 404 2623 laretur.
469 2582 548 2625 Sed
586 2583 722 2625 Elonis
761 2583 858 2634 filia,
901 2598 1017 2640 quam
1056 2585 1220 2639 primam
1260 2583 1393 2633 duxit,
1442 2582 1539 2623 Ada
1580 2579 1730 2650 (ΓΓΤΊΞΤῙ)

250 2665 462 2706 vocabatur
492 2663 605 2719 (Gen.
629 2666 822 2716 XXXVI,
848 2664 911 2719 2),
944 2675 981 2707 et
1010 2666 1227 2722 occupabat
1255 2668 1368 2707 etiam
1398 2665 1606 2707 secundam
1629 2666 1731 2706 illam

248 2749 487 2790 {smaelitidis
511 2749 817 2807 designationem
839 2745 1022 2815 Πζὶῖζκᾪ,
1055 2764 1153 2805 quae
1176 2758 1394 2790 aromatum
1418 2749 1577 2790 odorem
1600 2747 1729 2790 refert.

247 2831 375 2885 Quum
410 2832 514 2873 nulla
548 2836 598 2874 sit
621 2832 818 2875 Judz'ckae
850 2829 1060 2892 (ΠὝᾜΠᾏ)
1094 2847 1162 2873 nec
1193 2834 1315 2888 patris
1349 2834 1462 2873 istius
1486 2831 1597 2873 Beeri
1620 2830 1731 2873 Chit-

247 2917 318 2956 11101
353 2913 474 2968 (Gen.
506 2916 660 2966 XXVI,
695 2914 775 2969 34)
818 2917 960 2958 mentio
994 2917 1033 2956 in
1070 2916 1188 2957 altera
1219 2930 1390 2957 uxorum
1425 2916 1726 2964 enumeratione,
