1867 3301
786 183 880 229 191

85 310 172 338 Dent·
195 309 334 389 xxxffi
367 324 530 380 Eritque
562 325 601 364 in
633 322 836 366 Jeshuruu
868 338 958 372 rex,

369 407 443 450 Ubi
476 422 516 449 se
549 409 675 464 capita
706 407 846 464 populi
880 407 1216 464 congregaverint.

118 504 232 530 26-29.
269 500 332 540 [26]
366 489 489 533 Nemo
524 499 582 532 est
614 493 716 532 sicut
746 490 866 540 Dens,
902 489 934 531 Ο
968 487 1191 537 ,lesbia-un,

369 574 444 629 Qui
478 574 586 615 coelo
619 574 787 623 vehitur,
822 582 868 614 ut
899 573 1090 614 auxilium
1121 572 1192 614 tibi
1226 571 1343 622 ferat,

366 658 416 699 Et
447 658 627 714 majestas
658 657 756 713 Ejus
789 665 848 698 est
878 659 916 697 in
951 656 1138 706 nubibus,

269 749 332 789 [27]
367 740 443 783 Ubi
475 740 627 782 habitat
656 740 763 782 Deus
795 748 1023 796 perpetuus,

364 824 415 866 Et
445 823 545 866 infra
577 832 671 866 sunt
701 823 861 864 brachia
891 823 975 878 ejiis
1009 824 1256 879 sempiterna.

364 908 538 964 Expellit
569 916 657 948 ante
688 915 726 948 te
758 907 932 955 hostem,

364 991 416 1032 Et
447 991 560 1032 dicit:
592 990 829 1032 Pessumda!

270 1082 333 1121 [28]
368 1074 512 1116 Secure
544 1073 738 1115 habitabit
767 1074 904 1124 Israel,
961 1092 963 1094 ·

363 1157 470 1199 Fons
502 1156 640 1199 Jacobi
672 1158 781 1198 solus
815 1156 1009 1199 habitabit

365 1241 528 1283 Terram
560 1240 745 1282 frumenti
777 1248 815 1282 et
845 1242 986 1291 musti3

364 1323 528 1367 Coelum
560 1339 719 1381 quoque
750 1339 879 1366 rorem
912 1324 1134 1366 destillabit.

266 1414 329 1455 [29]
366 1407 398 1450 Ο
432 1417 468 1450 te
500 1407 665 1458 felicem,
699 1408 834 1449 Israel:
868 1409 956 1465 quis
988 1409 1046 1449 tui
1078 1408 1227 1458 similis,

361 1491 514 1548 Popule
546 1500 698 1533 servate
730 1507 752 1533 a
782 1491 954 1541 Jehova,

362 1575 439 1629 Qui
471 1575 632 1632 clypeus
665 1583 724 1617 est
754 1575 890 1617 auxilii
922 1576 1002 1625 tui,

360 1658 411 1699 Et
441 1659 589 1715 gloriae
621 1667 711 1700 tuae
743 1659 910 1716 gladius.

359 1741 619 1784 Blandientur
649 1742 721 1784 tibi
753 1744 897 1784 inimici
928 1744 1005 1793 tui,

358 1825 410 1867 Et
441 1827 481 1867 in
512 1841 618 1868 arces
651 1840 788 1869 eorum
820 1826 1018 1869 ascendes.

537 2106 1108 2165 COMMENTARIUS.

192 2327 235 2369 In
266 2325 393 2369 tribus
424 2327 584 2384 reliquis
615 2326 854 2369 Jasharanae
887 2327 1125 2370 collectionis
1157 2328 1351 2371 fasciculis
1383 2345 1483 2380 non,
1523 2338 1568 2371 ut

73 2412 113 2452 in
142 2412 278 2467 primis
301 2419 502 2468 quattuor,
537 2412 808 2452 continuatum
830 2410 1030 2467 quoddam
1053 2427 1168 2469 opus,
1201 2421 1431 2469 perpetuam
1453 2415 1566 2470 quasi

75 2493 273 2536 doctrinae
301 2496 517 2544 materiem,
552 2496 785 2544 invenimus,
819 2494 887 2535 sed
908 2496 1043 2551 potius
1067 2495 1221 2552 singula
1244 2498 1432 2546 carmina,
1466 2511 1565 2553 quae

73 2579 113 2619 in
152 2586 230 2618 tres
267 2578 408 2620 classes
442 2578 625 2620 distribui
655 2586 838 2635 possunt.
900 2578 958 2620 Ita
989 2580 1028 2619 in
1061 2580 1197 2635 quinta
1228 2588 1339 2635 parte
1370 2582 1445 2621 tria
1476 2595 1566 2622 can-

73 2662 148 2701 tica
186 2660 393 2711 habemus,
434 2676 604 2719 quorum
636 2663 805 2718 primum
839 2669 877 2703 ct
907 2664 1063 2703 tertium
1097 2662 1328 2704 venerandis
1358 2663 1496 2705 Jacobi
1528 2673 1566 2706 et

72 2743 197 2785 Mosis
230 2744 455 2786 nominibus
488 2747 774 2803 insigniuntur,
818 2754 863 2787 ut
893 2747 933 2787 in
965 2745 1030 2786 illo
1065 2753 1204 2787 auctor
1234 2749 1382 2803 gentis,
1416 2749 1457 2789 in
1488 2748 1564 2789 hoc

72 2826 308 2883 reipublicae
350 2828 552 2879 conditor,
600 2829 698 2871 bene
743 2843 907 2886 precans
948 2829 1010 2870 vel
1050 2829 1264 2871 admonens
1303 2830 1563 2872 Israelitarum

72 2909 198 2953 trihus
240 2911 476 2969 alloquatur.
537 2912 669 2955 Media
715 2922 842 2956 autem
884 2912 1073 2955 cantilena
1111 2912 1284 2956 Bileamo
1325 2916 1561 2972 assignatur,
