1867 3301
802 196 1085 270 Aa*

197 335 328 393 proles
358 337 567 393 utriusque
598 336 713 378 simili
746 335 994 378 damnatione
1026 338 1258 394 implicatur.
1321 337 1373 379 Et
1402 336 1585 387 Messias,
1620 339 1688 394 qui

199 420 397 462 oblatione
429 435 501 462 sua
533 419 649 462 semel
682 419 782 462 facta
815 435 947 463 omnes
980 421 1157 463 homines
1191 437 1212 463 a
1243 430 1353 463 reatu
1386 429 1424 463 et
1446 420 1585 463 morbo
1610 423 1689 463 ori-

195 506 297 561 ginis
329 504 603 562 redempturus
636 513 738 555 erat,
773 507 813 547 in
839 519 883 547 ea
905 507 1095 548 sententia
1118 505 1279 547 obvolvi
1301 521 1381 547 non
1403 507 1554 563 potuit,
1589 519 1688 562 quae

198 588 244 630 de
274 591 475 645 perpetuis
508 591 739 640 inimicitiis,
779 598 816 632 et
849 589 894 631 de
926 598 1117 647 perpetua
1149 586 1285 647 capitis
1320 590 1510 647 calcisque
1543 591 1688 631 contri-

195 675 302 714 tione
332 673 521 730 loquitur.
575 673 731 715 Dixerit
761 673 928 716 fortasse
961 675 1156 732 quispiam
1188 674 1476 732 sospitatorem
1507 681 1687 715 nostrum

194 770 276 798 non
318 758 391 799 nisi
431 772 501 815 per
532 758 695 800 vulnera
735 773 806 800 sua
838 760 1041 800 victoriam
1080 759 1264 816 adeptum
1297 773 1399 809 csse,
1444 767 1482 800 et
1511 756 1688 799 laudabit

194 840 362 883 sortasse
394 841 441 883 D.
473 841 584 883 Paul.
618 840 691 899 Ep.
723 842 773 884 ad
800 842 916 884 Rom.
947 842 1062 893 XVl,
1096 842 1164 885 20.
1208 844 1335 901 Apoc.
1359 843 1448 893 XII,
1477 841 1542 884 17.
1607 841 1688 884 Sed

193 925 310 976 haec,
351 934 398 968 ut
435 926 528 967 mihi
572 924 729 982 quidem
769 927 943 977 videtur,
995 928 1181 969 aliorsum
1222 935 1410 983 spectant.
1473 926 1516 968 In
1555 925 1686 967 vivida

196 1011 443 1052 orientalium
473 1010 688 1061 rhetorica,
724 1012 948 1068 quicunque
978 1011 1215 1067 triumphat,
1250 1012 1282 1051 is
1314 1012 1491 1052 inimicos
1515 1009 1589 1051 sibi
1613 1023 1687 1067 po-

195 1096 254 1136 nit
283 1102 471 1151 tanquam
503 1093 714 1136 scabellum
745 1094 891 1152 pedum
924 1109 1089 1136 suorum
1122 1091 1203 1148 (Ps.
1229 1093 1320 1144 CX,
1350 1090 1403 1148 1).
1457 1094 1607 1151 Atque,
1641 1101 1687 1135 ut

194 1192 290 1221 mox
329 1177 543 1229 constabit,
586 1179 704 1236 longe
744 1179 817 1220 alia
858 1188 940 1221 erat
976 1179 1041 1221 illa
1075 1177 1222 1221 Christi
1260 1180 1443 1229 victoria,
1487 1192 1603 1235 quam
1641 1185 1688 1219 ut

195 1276 281 1304 cum
313 1271 505 1320 perpetua
538 1263 649 1304 calcis
683 1277 775 1305 suae
808 1263 976 1305 laesione
1007 1271 1312 1320 compararetur.
1357 1263 1540 1304 Intimum
1565 1262 1685 1318 hujus

194 1347 374 1389 versiculi
414 1362 571 1389 sensum
608 1362 722 1389 nemo
764 1356 1014 1404 assequetur,
1055 1350 1131 1389 nisi
1172 1350 1239 1405 qui
1275 1350 1314 1389 in
1346 1349 1442 1404 ipsis
1474 1346 1686 1388 verborum

194 1434 369 1489 vestigiis
402 1434 599 1474 institerit.
650 1430 789 1474 Omnia
821 1434 921 1473 enim
952 1431 1126 1489 pendent
1156 1446 1206 1474 ex
1236 1446 1327 1474 vera
1360 1431 1584 1472 definitione
1614 1445 1686 1472 vo-

195 1528 281 1558 cum
314 1513 410 1586 ἣῆἳζὶ·
443 1523 480 1558 ct
511 1520 629 1584 ΞΡᾉ
679 1516 735 1557 De
767 1518 900 1573 priore
922 1516 1043 1558 verbo
1079 1516 1177 1558 duae
1207 1525 1300 1558 sunt
1324 1516 1556 1573 opinionum
1576 1513 1686 1556 fami-

191 1600 278 1642 liae.
342 1599 419 1642 Alii
460 1602 560 1641 enim
591 1595 692 1668 ’ἢῆἲῦ
724 1601 1031 1657 interpretantur
1062 1600 1312 1650 »insidiari«,
1354 1608 1557 1656 »petere«,
1600 1601 1685 1640 »in-

193 1683 380 1734 vadere«,
414 1692 601 1741 tanquam
634 1686 664 1725 si
698 1684 799 1725 idem
832 1693 934 1726 esset
965 1700 1008 1726 ac
1039 1689 1166 1754 {ffb-2147,
1203 1686 1424 1741 »spirare«,
1467 1683 1681 1732 »inhiare«,

192 1767 284 1810 inde
323 1769 482 1810 »hiante
515 1782 581 1810 ore
623 1776 776 1825 captare
814 1768 1032 1826 aliquem«;
1072 1777 1189 1826 atque
1222 1767 1381 1810 eandem
1413 1766 1523 1809 verbi
1553 1769 1685 1808 notio-

193 1866 281 1894 nem
321 1852 539 1903 deducunt,
582 1866 631 1894 ex
674 1851 779 1894 arab.
812 1849 918 1896 ulma
959 1852 1155 1894 »odoratu
1194 1867 1275 1894 rem
1315 1853 1484 1909 aliquam
1524 1853 1685 1893 investi-

192 1950 305 1993 gare,
348 1939 527 1986 venari»,
578 1938 659 1978 sive
697 1933 804 1981 gildis
842 1937 1024 1993 »prolato
1059 1939 1183 1993 capite
1216 1945 1409 1994 spectare,
1453 1951 1502 1977 ex
1533 1935 1611 1976 alto
1644 1936 1682 1975 in

193 2020 361 2077 aliquem
392 2023 659 2077 prospicere.«
713 2020 791 2062 Alii
824 2028 953 2062 autem
985 2020 1033 2061 ad
1068 2019 1315 2063 Chaldaicam
1347 2019 1457 2062 verbi
1491 2018 1684 2076 significa-

192 2106 341 2146 tionem
373 2103 608 2162 consugiunt
638 2113 808 2156 »terere,
852 2113 1070 2156 conterere,
1112 2104 1398 2154 contundere«,
1441 2117 1558 2161 quam
1595 2103 1684 2160 plu-

191 2190 311 2230 rimae
343 2188 542 2230 versiones
584 2188 781 2230 exhibent.
845 2189 1021 2231 Dubium
1053 2198 1131 2240 est,
1173 2191 1252 2230 utri
1283 2188 1423 2230 harum
1454 2190 1685 2244 interpreta-

192 2274 346 2314 tionum
379 2271 503 2314 LXX.
539 2271 714 2323 faveant3
758 2287 846 2314 nam
879 2272 1042 2314 verbum
1073 2270 1259 2328 τηρήσει,
1294 2272 1402 2329 quod
1434 2271 1484 2312 ad
1512 2273 1682 2327 priorem

193 2365 368 2413 spectare
399 2363 550 2413 potest,
585 2356 646 2396 vel
679 2355 728 2396 ad
759 2353 928 2425 ᾙΙἚΨἾ,
969 2370 1068 2412 quae
1101 2364 1160 2397 cst
1189 2355 1414 2412 Hottiugcri
1447 2355 1680 2411 conjectura,

191 2443 233 2482 in
267 2439 466 2497 Complut.
501 2439 685 2481 scribitur
715 2438 911 2495 τειρήσει,
952 2426 1025 2496 pro
1059 2434 1223 2494 τερήσει
1253 2439 1312 2480 vel
1344 2434 1503 2495 τρήσεις
1544 2446 1582 2479 et
1614 2436 1680 2478 Gr.

192 2523 331 2566 Venet.
373 2525 528 2580 posuit:
577 2521 711 2565 ἐκεῖνο
759 2521 909 2579 πλήξει
953 2534 1029 2565 σου
1067 2519 1280 2579 κεφαλήν,
1330 2517 1380 2563 σι)
1422 2521 1469 2563 δὲ
1510 2518 1683 2576 πλήξας

194 2604 327 2649 αὐτοῦ
364 2609 564 2663 πτέρναν.
634 2607 732 2649 Utut
777 2607 852 2648 hoc
890 2606 1053 2648 verbum
1092 2607 1380 2663 interpretel·i5‚
1429 2620 1584 2647 necesse
1625 2613 1683 2646 est

193 2691 353 2733 candem
385 2693 424 2732 in
454 2700 621 2748 utraque
654 2691 826 2733 clausula
848 2690 1170 2748 significationem
1193 2688 1386 2732 exhibeat.
1434 2688 1533 2730 Nam
1554 2703 1680 2730 sermo

193 2783 253 2817 est
284 2775 330 2816 de
361 2783 498 2817 mutua
519 2775 687 2832 quadam
720 2776 801 2816 sive
832 2777 1031 2832 reciproca
1062 2774 1244 2815 laesione.
1291 2772 1435 2815 Mulier
1463 2781 1501 2815 et
1522 2786 1680 2829 serpens

192 2861 232 2899 in
263 2867 497 2916 perpetuum
529 2859 719 2900 »vulnera
752 2859 898 2900 alterna
939 2858 1110 2915 dantque
1142 2857 1349 2915 feruntque
1380 2872 1537 2899 manu«.
1602 2854 1682 2897 Sed

193 2955 315 3000 quum
362 2945 552 3001 serpentis
601 2951 719 3001 caput
765 2943 937 2986 humano
985 2942 1083 3000 pede
1125 2949 1323 2985 conterere
1362 2954 1443 2985 non
1481 2940 1582 2983 idem
1624 2947 1682 2982 est
