1867 3301
812 204 912 251 325

114 346 340 395 Michalem,
375 343 505 394 Sauli,
541 353 578 386 et
598 344 823 393 Manchain,
860 342 1132 387 Gesuritarum
1164 349 1266 404 regis
1298 348 1413 389 liliam
1438 345 1480 402 (2
1505 348 1607 391 Sam.

114 429 180 479 ΙΙΙ,
215 427 278 481 3),
314 428 439 469 nullas
473 426 611 469 habuit
644 429 829 485 conjuges
862 430 970 485 regio
1006 438 1109 470 satas
1143 433 1352 486 sanguine,
1388 432 1610 489 nullamque

115 515 215 554 inter
238 512 319 561 lias,
354 526 452 568 quae
487 520 593 553 tanto
628 526 719 568 prae
754 514 889 552 ceteris
922 512 1130 568 splendore
1164 515 1390 556 eminuisset
1418 525 1609 572 quantuni

115 596 161 638 de
202 611 280 637 una
313 595 393 644 illa,
441 609 561 651 eaque
595 597 799 652 insigniter
832 595 1015 637 distincta
1046 598 1180 653 regina
1212 597 1362 639 Psaltcs
1395 598 1605 655 praedicat.

112 680 239 721 Multa
270 677 483 734 prohibent
514 693 561 720 ne
594 680 681 735 quis
715 678 858 719 idcirco
893 678 939 719 cle
966 678 1131 721 Achabo
1166 683 1321 737 cogitet,
1357 683 1449 738 quia
1479 683 1609 725 lsabc-

112 764 187 804 lam
218 762 421 804 Ethbaalis
460 763 564 818 regis
597 743 855 803 Sidoniorum
896 761 1014 802 filiam
1046 778 1213 804 uxorem
1247 763 1405 806 duxerit
1437 762 1483 819 (1
1508 766 1606 824 Reg.

110 846 216 895 XVI,
237 844 309 898 31)
338 854 375 887 et
397 845 557 886 domum
580 845 654 886 sibi
677 844 887 886 eburneam
910 845 1172 888 aedificaverit
1195 844 1235 899 (1
1260 848 1358 904 Reg.
1373 848 1497 899 XXII,
1519 847 1605 903 39).

110 930 246 987 Neque
279 932 380 971 enim
414 931 506 971 alias
540 928 680 970 habuit
710 930 838 985 regiae
871 931 1003 985 stirpis
1038 930 1245 987 conjuges,
1290 946 1415 988 neque.
1449 948 1492 974 ea
1525 942 1608 975 erat

110 1016 219 1070 regni
257 1013 455 1055 Israelitici
496 1027 517 1054 a
555 1012 715 1054 Judacis
756 1014 924 1068 separati
969 1012 1163 1063 conditio,
1206 1022 1251 1055 ut
1289 1024 1465 1071 speraret
1503 1016 1606 1058 filios

109 1097 272 1147 habere,
314 1111 415 1153 quos
456 1095 684 1153 regionibus
718 1105 903 1152 tanquam
934 1098 1131 1153 principes
1163 1098 1390 1154 praeficeret
1422 1096 1482 1153 (V.
1511 1097 1603 1154 17).

107 1181 159 1223 Et
191 1183 278 1237 quis
310 1195 430 1221 sanus
461 1182 672 1237 putaverit,
707 1180 905 1221 psalmum
939 1182 977 1221 in
1010 1181 1201 1222 honorem
1228 1184 1343 1239 regis,
1379 1185 1446 1240 qui
1470 1199 1604 1226 omnes

108 1273 374 1306 antecessores
398 1279 492 1305 suos
515 1267 712 1320 impietate
736 1266 774 1304 in
791 1263 982 1305 Jehovam
1001 1266 1203 1321 superavit
1221 1262 1260 1318 (1
1282 1265 1602 1323 Reg.XVI,30)‚

108 1357 146 1390 et
183 1351 359 1406 reginae,
405 1362 504 1404 quae
537 1347 711 1389 Jehovae
750 1348 965 1404 prophetas
1008 1348 1135 1389 voluit
1175 1349 1391 1411 excindere⁸
1423 1348 1470 1403 (1
1502 1351 1601 1409 Reg.

106 1431 250 1481 XVIII,
282 1429 347 1484 4),
381 1434 422 1472 in
455 1447 537 1473 cani
570 1432 839 1488 anthologiam
870 1431 1035 1472 relatum
1068 1431 1207 1483 fuisse,
1242 1448 1320 1489 quo
1354 1436 1409 1491 pii
1440 1434 1604 1476 Jehovi-

107 1515 213 1556 colae
252 1515 484 1557 uterentur?
529 1515 594 1557 Ad
633 1515 793 1556 domum
835 1514 1045 1556 eburneam
1085 1515 1194 1572 quod
1234 1519 1391 1567 attinet,
1432 1534 1479 1560 nc
1512 1522 1602 1576 quis

107 1599 362 1641 obliviscatur
384 1598 638 1641 solomonem
671 1598 807 1640 fecisse
839 1599 982 1640 solium
1015 1598 1230 1640 eburneum
1260 1615 1456 1658 magnum,
1491 1603 1604 1659 quod

106 1698 201 1724 auro
237 1685 386 1740 optimo
422 1682 592 1724 obduxit
625 1680 665 1736 (1
690 1682 788 1739 Reg.
811 1681 869 1732 X,
900 1679 983 1735 18),
1019 1691 1056 1724 et
1087 1684 1228 1724 mirum
1260 1683 1364 1734 fore,
1398 1687 1439 1727 ni
1470 1686 1602 1743 aliqua

104 1770 144 1808 in
174 1767 320 1824 palatio
355 1781 427 1808 suo
461 1767 661 1808 conclavia
693 1781 810 1822 opere
844 1766 1214 1823 chryselephantine
1249 1767 1448 1811 elaborata
1480 1769 1600 1812 habe-

103 1860 182 1901 ret,
224 1865 322 1908 quae
356 1850 609 1906 descriptioni
640 1857 798 1891 nostrae
831 1846 886 1903 (v.
911 1848 954 1902 9)
989 1853 1233 1892 occasionem
1265 1852 1414 1894 darent.
1481 1852 1601 1907 Quod.

103 1935 166 1976 hic
185 1934 230 1975 (le
246 1933 408 1976 Sabaeis
426 1933 618 1975 odoribus
637 1941 675 1974 et
692 1932 738 1974 dc
755 1948 852 1974 auro
867 1932 1088 1990 Ophiritico
1107 1935 1349 1992 significatur
1364 1933 1444 1989 (VV.
1457 1935 1496 1986 9,
1512 1934 1596 1991 10),

102 2018 199 2060 nulli
230 2020 312 2075 regi
344 2018 480 2058 melius
514 2019 698 2058 convenit
730 2032 846 2074 quam
880 2016 1107 2068 Solomoni,
1152 2021 1220 2075 qui
1250 2035 1431 2077 magnam
1462 2020 1597 2063 talium

102 2117 232 2144 rerum
273 2103 425 2158 copiam
459 2098 506 2154 (1
532 2101 630 2157 Reg.
653 2100 713 2150 X,
742 2098 817 2150 11,
842 2097 924 2153 22)
964 2101 1131 2144 navibus
1164 2103 1313 2145 Hirami
1354 2106 1595 2161 importavit.

103 2185 358 2228 Solomonem
399 2199 559 2242 quoque
600 2199 757 2241 sperare
796 2186 995 2240 potuisse,
1038 2201 1078 2227 se
1118 2186 1220 2228 filios
1253 2203 1348 2230 suos
1380 2191 1596 2244 provinciis

100 2268 389 2327 praefecturum
424 2265 484 2322 (v.
518 2265 614 2321 17),
656 2276 763 2324 patet
803 2284 851 2310 ex
883 2269 949 2310 illa
979 2272 1202 2327 principum
1235 2274 1316 2313 sive
1349 2281 1595 2329 satraparum

102 2355 392 2395 enumeratione
425 2348 465 2404 (1
490 2352 588 2409 Reg.
610 2349 695 2402 IV).
738 2351 818 2395 Nec
840 2353 942 2395 valet
972 2354 1069 2395 illud
1101 2355 1211 2412 quod
1240 2355 1442 2411 objiciunt,
1478 2355 1595 2398 Solo-

100 2452 254 2480 monem
285 2436 488 2493 pacificum
512 2435 644 2486 fuisse,
679 2445 716 2478 et
743 2437 850 2478 nulla
870 2440 1039 2494 gessisse
1060 2437 1179 2489 hella3
1213 2454 1293 2480 non
1314 2441 1453 2481 mereri
1474 2441 1596 2496 igitur

100 2521 275 2563 bellicam
305 2520 472 2570 laudem,
508 2534 607 2576 quac
639 2520 702 2561 hic
732 2535 859 2562 novae
883 2530 1028 2577 nuptae
1053 2523 1192 2563 marito
1216 2522 1416 2565 tribuitur.
1457 2522 1594 2580 Neque

101 2606 201 2646 enim
240 2605 377 2646 melius
412 2612 520 2646 vates
559 2603 683 2646 ullum
721 2619 850 2661 regem
887 2604 1128 2647 laudavisset
1159 2619 1274 2662 quam
1314 2607 1591 2663 praedicando,

99 2697 146 2730 ut
166 2689 229 2729 hic
250 2687 351 2738 fecit,
385 2686 655 2730 fortitudinem
678 2703 764 2731 cum
785 2688 1091 2745 pulchritudine,
1126 2689 1361 2746 eloquentia,
1385 2699 1423 2732 et
1436 2692 1594 2747 justitia

100 2772 360 2827 conjunctam.
406 2770 523 2813 Nulla
553 2772 655 2814 bella
684 2775 807 2830 gessit
828 2772 992 2815 Solomo
1024 2773 1231 2815 dumtaxat
1250 2783 1461 2830 propterea
1483 2775 1592 2831 quod

98 2854 328 2898 recumbens
351 2864 454 2898 esset
474 2856 547 2906 leo,
577 2871 692 2913 quem
714 2872 827 2899 nemo
850 2857 1037 2899 lacessere
1059 2857 1220 2899 auderet
1241 2855 1355 2911 (Gen.
1373 2856 1514 2907 XLIX,
1531 2855 1589 2911 9).

98 2938 155 2981 At
185 2953 296 2981 socer
327 2941 465 2996 ipsius,
498 2939 668 2991 Pharao,
705 2940 888 2984 Gcseram
918 2940 1020 2983 bello
1055 2950 1208 2999 ceperat
1239 2950 1277 2984 et
1308 2940 1588 2992 combusserat,
