1867 3301
783 176 981 248 7311&

107 317 252 367 Marte,
292 325 528 374 prosecutus
562 325 631 358 est.
687 317 743 373 At
776 333 868 359 vero
903 318 1076 359 Davislcs
1110 318 1218 359 Sauli
1253 319 1367 360 filiam
1401 320 1609 362 Michalem

108 403 357 443 matrimonio
392 401 578 451 duxerat,
617 401 885 443 Jonathanum
918 402 1040 443 filium
1075 401 1184 444 Sauli
1218 418 1307 444 vere
1342 403 1490 454 dilexit,
1524 404 1609 446 Ab·

107 500 201 527 nero
232 484 322 526 belli
356 487 553 535 societate,
589 494 626 527 et
658 485 825 527 fortasse
858 486 941 527 aliis
977 485 1115 527 officiis
1150 483 1207 540 (1.
1232 485 1337 528 Sam.
1361 487 1492 538 XVII,
1518 485 1604 541 57),

108 568 401 610 commendatus
435 578 529 610 erat.
576 570 712 627 Itaque
744 569 852 610 haud
885 568 1058 611 absimile
1092 579 1151 613 est
1181 571 1391 621 hominem,
1428 573 1494 628 qui
1529 580 1605 613 tam

105 652 270 694 blandae
303 661 385 694 erat
416 661 531 710 atque
555 653 793 710 indulgentis
817 662 992 704 naturae,
1026 663 1072 695 ut
1094 655 1153 696 vel
1177 657 1338 711 impium
1362 663 1399 696 et
1425 654 1604 696 rebellem

104 737 226 778 filium
248 739 452 778 verissimo
488 739 605 778 animi
638 736 779 778 affectu
797 740 849 778 ‘ct
870 753 1022 779 summo
1056 738 1192 780 dolore
1216 741 1471 780 contristatus
1495 739 1604 796 luge-

104 829 162 862 ret
203 818 254 873 (2
288 820 394 862 Sam.
424 820 572 871 XVIII,
606 818 707 874 33),
749 822 948 871 inimicos,
995 837 1096 878 quos
1137 822 1349 879 aliquando
1392 832 1601 873 amaverat,

102 913 284 946 mortuos
316 913 444 947 tamen
479 907 560 947 sine
593 904 682 946 suco
717 920 761 946 ac
792 904 952 947 fallaciis
981 906 1271 947 lamentaretur.
1311 906 1368 948 At
1389 908 1601 957 enimvero,

104 991 136 1030 si
170 989 301 1030 nullus
334 987 387 1030 ibi
420 988 560 1030 suisset
591 991 665 1030 nisi
699 989 906 1031 simulatus
938 1004 1111 1040 maeror,
1153 990 1485 1047 prudentissimus
1517 1006 1600 1041 reX,

103 1074 171 1129 qui
210 1087 291 1114 non
332 1074 413 1114 sine
457 1072 644 1115 adversae
678 1072 858 1115 factionis
890 1076 1152 1131 repugnantia
1185 1076 1224 1115 in
1257 1076 1379 1115 soceri
1413 1074 1601 1116 thronum

103 1156 403 1206 conscenderat,
443 1157 511 1198 tali
550 1157 759 1199 threnodia
798 1159 837 1199 in
871 1159 978 1199 viros
1015 1157 1274 1208 fortissimos,
1317 1173 1488 1215 quorum
1521 1158 1600 1200 duo

100 1248 268 1282 mortem
306 1256 381 1297 pro
423 1243 499 1282 aris
541 1249 579 1283 et
618 1241 715 1282 focis
757 1243 1026 1298 oppetierant,
1069 1242 1230 1283 multam
1271 1241 1379 1299 apud
1408 1242 1600 1284 Israelitas

100 1327 263 1382 gratiam
296 1334 381 1366 erat
412 1327 596 1366 initurus.

218 1409 345 1451 Miror
366 1409 476 1466 quod
498 1409 651 1466 aliquot
672 1408 887 1450 doctissimi
911 1411 1155 1467 interpretes,
1179 1412 1278 1451 inter
1297 1412 1398 1467 quos
1415 1409 1598 1461 Dathius,

103 1492 312 1543 Gesenius,
355 1501 394 1535 et
423 1493 652 1544 Maurerus,
688 1508 823 1535 vocem
857 1498 942 1555 '¹223
976 1510 1012 1535 v.
1044 1492 1096 1536 19
1131 1493 1176 1535 de
1207 1494 1372 1550 ycwella
1403 1497 1600 1552 accipiunt

100 1579 193 1634 quia
224 1577 353 1619 solent
384 1586 523 1634 poetae
557 1578 763 1619 orientales
795 1580 923 1619 virum
954 1586 1120 1635 propter
1150 1578 1457 1635 pulcritudinem
1489 1594 1599 1620 suam

99 1663 357 1718 corporisque
389 1662 600 1719 agilitatem
632 1677 720 1703 cum
753 1676 892 1719 caprea
922 1662 987 1703 illa
1019 1677 1259 1719 comparare.
1299 1662 1373 1704 Hic
1399 1671 1529 1704 autem
1552 1662 1598 1704 de

98 1743 256 1787 duobus
290 1747 383 1787 viris
424 1760 551 1787 sermo
586 1755 663 1796 est,
706 1754 744 1787 et
775 1746 840 1787 illa
872 1746 1057 1803 agilitatis
1090 1746 1324 1803 significatio
1358 1745 1457 1787 infra
1489 1748 1598 1788 inve-

96 1830 215 1878 nitur,
250 1828 318 1870 uhi
341 1828 487 1871 Saulus
520 1838 558 1871 et
577 1829 777 1871 Jonathan
811 1830 953 1886 aquilis
982 1830 1249 1872 assimilantur
1272 1827 1326 1884 (v.
1352 1827 1439 1884 23).
1478 1830 1597 1872 Prae-

96 1920 175 1953 stat
195 1914 316 1969 igitur
337 1912 435 1954 illud
457 1913 578 1955 decus
600 1921 638 1954 et
655 1914 835 1969 yloriam
856 1914 1083 1971 intelligere,
1119 1929 1217 1971 quae
1249 1913 1295 1955 de
1324 1923 1428 1956 terra
1456 1917 1596 1971 quavis

94 1996 311 2053 praedicari
342 2005 477 2053 potest
509 1994 604 2050 (Jes.
627 1997 728 2047 XIII,
757 1995 822 2039 19.
857 1997 934 2039 Jer.
957 1997 1016 2048 III,
1047 1995 1131 2050 19),
1167 2007 1204 2040 et
1236 2011 1353 2055 quam
1385 2013 1473 2040 cum
1497 1999 1597 2041 mili-

94 2083 168 2122 tari
200 2080 315 2122 laude
346 2083 556 2138 praecipue
590 2082 840 2137 conjunctam
874 2096 957 2123 esse
990 2081 1239 2124 arbitramur.

211 2165 255 2206 In
286 2155 323 2206 xi.
348 2163 417 2214 21,
451 2173 497 2206 ut
529 2164 723 2206 difficilem
757 2165 909 2222 ellipsin
942 2174 980 2207 et
1012 2164 1172 2207 dubiam
1194 2166 1473 2224 etymologiam
1496 2168 1594 2208 vite-

93 2263 192 2298 mus,
229 2249 371 2290 Thenii
398 2249 676 2304 conjecturam,
712 2249 858 2292 Graeca
880 2251 1061 2293 versione
1083 2249 1160 2307 ὅρη
1181 2249 1383 2292 θανάτου
1403 2253 1591 2302 innixam,

94 2333 328 2390 amplector3
362 2348 522 2390 nempe:
562 2337 659 2403 ΠΥΩ
693 2337 801 2403 *nm
833 2338 927 2394 *lib*
960 2349 1033 2391 p1o
1073 2339 1266 2382 ΠἾΤΞἸἾΠ
1306 2331 1435 2403 ἾἼΨἾ.
1488 2335 1594 2376 II1ec

92 2418 199 2458 vocis
233 2420 331 2485 ΠΥΩ
355 2416 676 2467 additamentum,
712 2387 951 2459 delinitionis
975 2433 1082 2476 ergo,
1116 2419 1166 2459 ad
1191 2418 1339 2475 stylum
1359 2418 1589 2460 Davidicum

91 2503 204 2542 unice
225 2500 471 2542 referendum
494 2509 572 2552 est3
607 2501 654 2543 cf.
677 2501 819 2543 Psalm.
844 2501 984 2551 XVIII,
1009 2500 1048 2544 6.
1084 2502 1109 2543 2
1134 2501 1238 2543 Sam.
1262 2502 1347 2552 XII,
1372 2502 1411 2544 5.
1445 2503 1588 2545 Psalm.

90 2584 232 2634 XXIII,
255 2583 295 2625 4.
336 2584 394 2626 De
416 2584 566 2627 verbis:
600 2580 744 2654 ῘΕΨῌ
766 2582 908 2653 Γ-ἹἾΨᾩ
942 2571 1034 2631 7¹72
1056 2569 1198 2654 ιἿἾΝΨ
1221 2591 1301 2654 527?
1324 2589 1428 2628 varie
1453 2586 1590 2644 dispu-

92 2676 194 2710 tant.‘
232 2666 331 2710 Nam
361 2682 482 2725 quum
505 2669 569 2711 alii
592 2684 727 2711 vocem
749 2666 891 2737 [TW-H?
915 2669 961 2712 de
984 2669 1120 2720 Saulo,
1153 2678 1199 2711 ut
1220 2685 1323 2727 rege,
1357 2671 1587 2728 intelligant,

92 2760 137 2793 ut
176 2753 227 2793 sit
258 2750 396 2793 »Sauli
429 2753 516 2794 oleo
554 2768 636 2795 non
674 2755 833 2803 uncti3«
874 2755 898 2794 i.
931 2768 963 2794 e.
999 2752 1172 2795 »frustra
1205 2754 1291 2795 oleo
1325 2757 1482 2804 uncti,«
1525 2756 1588 2796 alii

92 2836 272 2892 clypeum
311 2838 366 2877 ita
398 2835 645 2894 designatum
675 2846 837 2895 putant,
880 2839 1067 2894 quoniam
1100 2838 1280 2896 clypeos,
1322 2839 1383 2880 vel
1416 2838 1588 2880 obducta

93 2919 239 2977 clypeis
272 2922 397 2971 coria,
439 2935 586 2978 ungere
619 2921 816 2973 solebant,
860 2936 908 2964 ne
940 2924 1111 2964 siccitate
1144 2921 1384 2973 fatiscerent,
1428 2925 1586 2982 ictuque
