1867 3301
824 180 888 226 47

109 322 236 377 stupri
259 319 581 362 consuetudinem
605 318 819 360 adhibitam
844 333 927 359 esse
951 315 1082 372 (Num.
1101 308 1230 367 XXV,
1252 315 1310 370 8).
1345 316 1442 358 Nam
1466 326 1603 359 auctor

109 413 167 446 est
198 404 463 460 Hieronymus
503 400 570 456 (ad
599 402 696 445 Hos.
727 401 793 452 IV,
829 399 922 455 14),
973 402 1167 443 »coluisse
1205 402 1374 442 maxime
1414 400 1602 441 foeminas

108 487 367 543 Beelpheqor
398 486 448 528 ob
483 486 668 529 obscoeni
700 485 1028 543 magnitudinem,
1064 500 1179 542 quem
1204 500 1277 526 nos
1299 484 1487 541 Priapum
1509 499 1604 540 pos-

109 585 244 612 sumus
277 571 519 627 appellarm:
560 570 741 627 idemque
774 571 814 611 in
844 569 976 610 Jovin.
1004 567 1040 618 1,
1070 567 1141 610 12:
1176 567 1368 624 »Plze90r
1398 569 1437 608 in
1470 568 1603 623 lingua

108 653 284 696 Hebraea
330 653 498 710 Priapus
546 653 805 710 appellatur.«
877 651 1100 709 Scriptores
1145 651 1365 693 Talmudici
1411 652 1602 692 rationem

109 737 409 793 etymologicam
441 739 737 794 excogitarunt,
773 751 894 793 quare
920 735 1072 793 puellae
1097 737 1136 776 in
1159 736 1235 776 hoc
1256 736 1415 776 numine
1438 733 1601 775 colendo

106 822 335 878 pudicitiam
375 835 485 862 suam
526 820 673 876 publici
708 822 811 877 juris
852 819 1040 870 facerent3
1082 833 1171 859 nam
1210 818 1431 860 referebant
1461 832 1602 859 nomen

108 899 226 963 Ὑὶλιᾞ
259 904 308 945 ad
330 901 466 959 ὑμένα
487 905 705 961 puellarum
730 903 996 960 aperiendum.
1043 901 1169 955 Quam
1190 904 1335 943 montis
1359 917 1380 942 a
1402 901 1472 943 Dei
1496 901 1603 942 cultu

109 988 408 1043 explicationem
439 988 565 1044 rejicit
598 987 788 1030 Gesenius
822 984 889 1041 (ad
911 1003 948 1028 V.
973 986 1094 1028 Thes.
1124 1001 1163 1043 p.
1186 983 1339 1039 1119),
1375 987 1436 1026 cui
1467 986 1602 1041 potius

107 1071 241 1127 Baal,
282 1072 375 1113 alias
415 1071 626 1129 generandi
666 1087 831 1122 numen,
880 1086 901 1112 a
940 1078 1073 1112 monte
1112 1069 1223 1112 Peor
1261 1068 1369 1125 apud
1404 1067 1603 1110 Moabitas

109 1154 204 1195 illud
237 1169 455 1212 cognomen
486 1157 655 1197 traxisse
677 1155 845 1196 videtur.
893 1153 1087 1196 Novimus
1121 1168 1213 1194 sane
1236 1152 1406 1195 Graecos
1435 1153 1601 1208 mystico

107 1238 415 1294 hymenaeorum
448 1241 614 1280 carmine
647 1239 697 1280 ad
718 1240 899 1296 vaginam
921 1252 1047 1279 novae
1069 1245 1215 1294 nuptae
1237 1235 1482 1293 aperiendam
1506 1235 1603 1277 allu-

108 1323 224 1372 sisse3
259 1321 508 1363 clamitabant
530 1324 629 1364 enim
651 1321 857 1379 pronubae
880 1322 930 1363 ad
951 1321 1112 1362 thalami
1136 1319 1260 1361 fores:
1294 1319 1465 1374 ἐκκόρει,
1490 1319 1603 1375 κόρει

108 1401 302 1461 κορώνην
335 1402 414 1447 σῦν
444 1405 584 1460 κόροις
615 1420 660 1446 τε
690 1407 762 1446 καὶ
793 1403 940 1461 κόραις
972 1401 1077 1458 (vide
1098 1403 1250 1445 Bo'ekh.
1274 1403 1323 1444 ad
1343 1403 1458 1444 Pind.
1480 1403 1600 1458 Pyth.

107 1488 172 1538 ΙΙΙ,
204 1503 271 1545 pp.
297 1488 484 1532 257—9.
518 1489 568 1530 ad
600 1489 722 1530 schol.
746 1488 861 1530 Pind.
895 1504 934 1545 p.
961 1484 1090 1541 330.).
1157 1486 1309 1540 Quodsi
1343 1485 1508 1527 daemon
1540 1486 1602 1527 ille

106 1571 344 1614 Moabiticus
377 1588 399 1613 a
428 1581 560 1614 monte
581 1573 692 1615 Peor
724 1587 839 1614 suum
866 1587 1010 1614 nomen
1034 1571 1246 1620 derivavit,
1279 1584 1493 1626 possumus
1515 1584 1602 1611 eum

108 1669 194 1697 cum
225 1655 368 1698 Belial
395 1656 456 1697 vel
487 1656 637 1699 Beliar
668 1653 711 1709 (2
737 1655 829 1698 Cor.
852 1655 924 1705 VI,
953 1652 1023 1708 15)
1058 1668 1303 1711 comparare,
1345 1656 1400 1695 ita
1431 1662 1477 1695 ut
1508 1653 1603 1694 haec

106 1737 183 1780 τοῦ
212 1742 404 1795 πονηροῦ
437 1739 655 1796 designatio
689 1755 771 1781 non
803 1742 855 1781 sit
887 1740 1107 1795 composita
1137 1753 1187 1778 ex
1208 1721 1300 1783 '⁴¹72
1328 1752 1423 1791 ozon,
1457 1745 1496 1778 et
1516 1720 1604 1796 ¹79)

104 1822 277 1877 utilitas,
320 1822 390 1865 sed
429 1825 481 1865 sit
520 1826 656 1880 potius
689 1823 1025 1865 denominativum
1056 1824 1097 1862 in
1129 1829 1235 1862 statu
1268 1829 1495 1862 constructo
1526 1835 1601 1877 pro

105 1904 189 1947 Bel
218 1888 316 1959 (¹73
348 1907 409 1948 vel
440 1889 575 1967 ¹723)
609 1908 681 1964 qui
710 1922 839 1963 supra
872 1913 929 1948 est
960 1889 1158 1964 (²7y·[“i);
1191 1903 1238 1945 ef.
1266 1887 1494 1971 ΡἾΨΞῙἿᾨ
1526 1918 1600 1959 pro

105 1992 243 2058 Ρῖἵξῗ]
291 1975 420 2054 Ἶιᾞῦ,
466 1999 504 2031 et
544 1991 696 2031 similia.
770 1988 883 2032 Certe
922 1987 1137 2030 Arabicum
1175 1971 1262 2054 ἐξ
1300 1987 1404 2028 valet
1441 1987 1600 2041 nobilis,

99 2072 308 2128 princeps,
343 2081 382 2114 et
412 2072 609 2129 Syrorum
641 2072 911 2129 lexicographi
942 2072 1091 2115 Beliar
1124 2073 1248 2112 »aeris
1281 2070 1509 2112 dominum«
1542 2072 1601 2111 in-

107 2162 383 2211 terpretantur.
437 2155 536 2198 Utut
567 2156 661 2198 haec
683 2171 722 2197 se
747 2170 808 2197 res
831 2155 1034 2205 habuerit,
1069 2155 1153 2196 luce
1176 2154 1317 2195 clarius
1340 2162 1417 2204 est,
1453 2162 1599 2195 veteres

104 2237 304 2280 Hebraeos
348 2240 625 2281 scortationem
659 2247 697 2281 et
727 2239 1010 2289 idololatriam,
1053 2246 1240 2295 tanquam
1272 2237 1492 2279 consimiles
1523 2251 1597 2287 res,

105 2321 179 2363 sub
213 2322 345 2363 eadem
378 2322 647 2379 designatione
680 2323 908 2379 complexos
942 2337 1045 2372 esse,
1081 2329 1119 2363 et
1148 2323 1262 2379 quasi
1294 2336 1489 2363 summum
1510 2335 1601 2377 pec-

105 2412 233 2446 catum
265 2405 356 2447 illuc
386 2406 595 2447 rettulisse.
644 2405 736 2448 Non
767 2408 889 2463 igitur
919 2408 1061 2447 mirum
1087 2388 1226 2454 fuerit,
1261 2406 1315 2454 si,
1349 2407 1389 2445 in
1410 2405 1598 2461 primaevi

103 2490 250 2544 peccati
273 2488 551 2539 delineatione,
585 2489 791 2531 Jehovista
812 2498 948 2531 noster
969 2489 1131 2530 similem
1154 2490 1439 2545 cogitationum
1461 2489 1598 2529 serien]

105 2570 446 2627 conglutinaverit.
508 2572 642 2630 Atque
683 2588 771 2615 eum
809 2575 863 2615 ita
896 2573 1069 2614 voluisse
1109 2587 1159 2614 ex
1198 2586 1433 2628 unaquaque
1464 2586 1599 2613 narra-

104 2655 224 2694 tionis
262 2656 453 2710 particula
491 2658 584 2697 satis
616 2664 736 2713 patet.
799 2656 859 2698 Λ6
889 2658 1058 2713 primum
1091 2655 1249 2712 quidem
1281 2658 1391 2723 {HQ}
1422 2655 1484 2696 ille
1517 2657 1598 2696 sive

105 2751 283 2792 serpens,
319 2740 386 2794 qui
418 2740 632 2780 incentivas
665 2741 784 2781 struit
813 2740 987 2793 ‘'incl‘ieri,
1023 2754 1104 2780 non
1135 2740 1236 2794 viro,
1270 2738 1453 2789 insidias,
1486 2737 1599 2795 phal—

103 2819 220 2861 lieum
241 2819 506 2863 Baal-Peoris
529 2824 697 2879 signum,
726 2824 750 2864 i.
775 2837 807 2865 e.
830 2822 1047 2864 membrum
1071 2821 1191 2872 virile,
1224 2821 1397 2863 denotat.
1443 2821 1598 2875 Quanta

104 2904 257 2946 intersit
287 2905 388 2946 inter
418 2904 494 2947 hoc
525 2906 681 2962 signum
704 2913 742 2948 et
761 2906 1026 2963 generationis
1050 2920 1229 2963 organon
1252 2905 1480 2955 similitudo,
1515 2919 1597 2946 non
