<?xml version="1.0" encoding="UTF-8"?>
<!DOCTYPE html PUBLIC "-//W3C//DTD XHTML 1.0 Transitional//EN"
    "http://www.w3.org/TR/xhtml1/DTD/xhtml1-transitional.dtd">
<html xmlns="http://www.w3.org/1999/xhtml" xml:lang="en" lang="en">
 <head>
  <title>
</title>
<meta http-equiv="Content-Type" content="text/html;charset=utf-8" />
  <meta name='ocr-system' content='tesseract 3.04.00' />
  <meta name='ocr-capabilities' content='ocr_page ocr_carea ocr_par ocr_line ocrx_word'/>
</head>
<body>
  <div class='ocr_page' id='page_1' title='image "./jasharfragmentaa00dona_0327.png"; bbox 0 0 1867 3301; ppageno 0'>
   <div class='ocr_carea' id='block_1_1' title="bbox 703 199 985 274">
    <p class='ocr_par' dir='ltr' id='par_1_1' title="bbox 703 199 985 274">
     <span class='ocr_line' id='line_1_1' title="bbox 703 199 985 274; baseline -0.004 0"><span class='ocrx_word' id='word_1_1' title='bbox 703 199 985 274; x_wconf 41' lang='lat'><strong>*353-</strong></span> 
     </span>
    </p>
   </div>
   <div class='ocr_carea' id='block_1_2' title="bbox 92 338 1590 2572">
    <p class='ocr_par' dir='ltr' id='par_1_2' title="bbox 92 338 1590 2405">
     <span class='ocr_line' id='line_1_2' title="bbox 96 338 1587 396; baseline -0.003 -12"><span class='ocrx_word' id='word_1_2' title='bbox 96 342 193 386; x_wconf 87' lang='lat' dir='ltr'><strong>liber</strong></span> <span class='ocrx_word' id='word_1_3' title='bbox 224 343 433 384; x_wconf 85' lang='lat' dir='ltr'><strong>canonicus</strong></span> <span class='ocrx_word' id='word_1_4' title='bbox 467 342 571 383; x_wconf 88' lang='lat' dir='ltr'><strong>omni</strong></span> <span class='ocrx_word' id='word_1_5' title='bbox 604 355 734 383; x_wconf 89' lang='lat' dir='ltr'><strong>errore</strong></span> <span class='ocrx_word' id='word_1_6' title='bbox 768 356 895 383; x_wconf 83' lang='lat' dir='ltr'><strong>carere</strong></span> <span class='ocrx_word' id='word_1_7' title='bbox 917 339 1110 390; x_wconf 88' lang='lat' dir='ltr'><strong>videatur,</strong></span> <span class='ocrx_word' id='word_1_8' title='bbox 1145 338 1185 380; x_wconf 86' lang='lat' dir='ltr'><strong>id</strong></span> <span class='ocrx_word' id='word_1_9' title='bbox 1216 353 1289 381; x_wconf 90' lang='lat' dir='ltr'><strong>nos</strong></span> <span class='ocrx_word' id='word_1_10' title='bbox 1324 340 1362 380; x_wconf 92' lang='lat' dir='ltr'><strong>in</strong></span> <span class='ocrx_word' id='word_1_11' title='bbox 1387 347 1587 396; x_wconf 77' lang='lat' dir='ltr'><strong>stuporem</strong></span> 
     </span>
     <span class='ocr_line' id='line_1_3' title="bbox 98 421 1590 484; baseline -0.003 -16"><span class='ocrx_word' id='word_1_12' title='bbox 98 426 188 468; x_wconf 88' lang='lat' dir='ltr'><strong>dare</strong></span> <span class='ocrx_word' id='word_1_13' title='bbox 221 434 390 484; x_wconf 80' lang='lat' dir='ltr'>oportet.</span> <span class='ocrx_word' id='word_1_14' title='bbox 455 423 560 480; x_wconf 83' lang='lat' dir='ltr'><strong>Quid</strong></span> <span class='ocrx_word' id='word_1_15' title='bbox 592 426 721 467; x_wconf 77' lang='lat' dir='ltr'><strong>enim?</strong></span> <span class='ocrx_word' id='word_1_16' title='bbox 756 424 956 467; x_wconf 77' lang='lat' dir='ltr'><strong>crederent</strong></span> <span class='ocrx_word' id='word_1_17' title='bbox 987 424 1178 474; x_wconf 85' lang='lat' dir='ltr'><strong>homines,</strong></span> <span class='ocrx_word' id='word_1_18' title='bbox 1214 424 1281 479; x_wconf 88' lang='lat' dir='ltr'><strong>qui</strong></span> <span class='ocrx_word' id='word_1_19' title='bbox 1312 431 1407 480; x_wconf 88' lang='lat' dir='ltr'><strong>post</strong></span> <span class='ocrx_word' id='word_1_20' title='bbox 1440 421 1590 479; x_wconf 88' lang='lat' dir='ltr'><strong>Coper-</strong></span> 
     </span>
     <span class='ocr_line' id='line_1_4' title="bbox 96 505 1586 563; baseline -0.003 -12"><span class='ocrx_word' id='word_1_21' title='bbox 96 512 225 552; x_wconf 91' lang='lat' dir='ltr'><strong>nicum</strong></span> <span class='ocrx_word' id='word_1_22' title='bbox 262 512 465 559; x_wconf 80' lang='lat' dir='ltr'><strong>vixerunt,</strong></span> <span class='ocrx_word' id='word_1_23' title='bbox 507 508 632 551; x_wconf 91' lang='lat' dir='ltr'><strong>Deum</strong></span> <span class='ocrx_word' id='word_1_24' title='bbox 673 511 899 550; x_wconf 89' lang='lat' dir='ltr'><strong>universum</strong></span> <span class='ocrx_word' id='word_1_25' title='bbox 940 507 1075 549; x_wconf 88' lang='lat' dir='ltr'><strong>mundi</strong></span> <span class='ocrx_word' id='word_1_26' title='bbox 1115 515 1287 563; x_wconf 80' lang='lat' dir='ltr'><strong>systema</strong></span> <span class='ocrx_word' id='word_1_27' title='bbox 1322 505 1586 556; x_wconf 87' lang='lat' dir='ltr'><strong>labefactasse,</strong></span> 
     </span>
     <span class='ocr_line' id='line_1_5' title="bbox 97 592 1587 649; baseline -0.003 -15"><span class='ocrx_word' id='word_1_28' title='bbox 97 594 241 635; x_wconf 88' lang='lat' dir='ltr'><strong>scilicet</strong></span> <span class='ocrx_word' id='word_1_29' title='bbox 278 601 323 634; x_wconf 88' lang='lat' dir='ltr'><strong>ut</strong></span> <span class='ocrx_word' id='word_1_30' title='bbox 361 593 513 649; x_wconf 85' lang='lat' dir='ltr'>aliquot</span> <span class='ocrx_word' id='word_1_31' title='bbox 550 593 669 633; x_wconf 88' lang='lat' dir='ltr'><strong>millia</strong></span> <span class='ocrx_word' id='word_1_32' title='bbox 710 592 970 633; x_wconf 88' lang='lat' dir='ltr'><strong>Israelitarum</strong></span> <span class='ocrx_word' id='word_1_33' title='bbox 1011 606 1093 632; x_wconf 93' lang='lat' dir='ltr'><strong>non</strong></span> <span class='ocrx_word' id='word_1_34' title='bbox 1133 599 1274 632; x_wconf 89' lang='lat' dir='ltr'><strong>certam</strong></span> <span class='ocrx_word' id='word_1_35' title='bbox 1316 605 1359 631; x_wconf 92' lang='lat' dir='ltr'><strong>ac</strong></span> <span class='ocrx_word' id='word_1_36' title='bbox 1395 598 1587 647; x_wconf 88' lang='lat' dir='ltr'><strong>perpetuo</strong></span> 
     </span>
     <span class='ocr_line' id='line_1_6' title="bbox 95 674 1589 732; baseline -0.003 -14"><span class='ocrx_word' id='word_1_37' title='bbox 95 691 316 719; x_wconf 78' lang='lat' dir='ltr'>mansuram</span> <span class='ocrx_word' id='word_1_38' title='bbox 350 677 554 717; x_wconf 83' lang='lat' dir='ltr'><strong>victoriam</strong></span> <span class='ocrx_word' id='word_1_39' title='bbox 596 676 835 732; x_wconf 74' lang='lat' dir='ltr'><strong>complerent</strong></span> <span class='ocrx_word' id='word_1_40' title='bbox 873 700 918 706; x_wconf 85' lang='lat'><strong>-—</strong></span> <span class='ocrx_word' id='word_1_41' title='bbox 956 690 1044 715; x_wconf 92' lang='lat' dir='ltr'><strong>nam</strong></span> <span class='ocrx_word' id='word_1_42' title='bbox 1076 676 1241 715; x_wconf 83' lang='lat' dir='ltr'><strong>victoria</strong></span> <span class='ocrx_word' id='word_1_43' title='bbox 1274 674 1337 715; x_wconf 89' lang='lat' dir='ltr'><strong>illa</strong></span> <span class='ocrx_word' id='word_1_44' title='bbox 1363 674 1445 730; x_wconf 85' lang='lat' dir='ltr'><strong>jam</strong></span> <span class='ocrx_word' id='word_1_45' title='bbox 1476 682 1589 730; x_wconf 90' lang='lat' dir='ltr'><strong>parta</strong></span> 
     </span>
     <span class='ocr_line' id='line_1_7' title="bbox 96 750 1587 816; baseline -0.003 -14"><span class='ocrx_word' id='word_1_46' title='bbox 96 769 178 802; x_wconf 90' lang='lat' dir='ltr'><strong>erat</strong></span> <span class='ocrx_word' id='word_1_47' title='bbox 219 786 265 792; x_wconf 91' lang='lat'><strong>--</strong></span> <span class='ocrx_word' id='word_1_48' title='bbox 308 759 375 802; x_wconf 88' lang='lat' dir='ltr'><strong>sed</strong></span> <span class='ocrx_word' id='word_1_49' title='bbox 423 759 663 816; x_wconf 79' lang='lat' dir='ltr'>aliquamdiu</span> <span class='ocrx_word' id='word_1_50' title='bbox 701 750 827 800; x_wconf 88' lang='lat' dir='ltr'><strong>victos</strong></span> <span class='ocrx_word' id='word_1_51' title='bbox 876 758 1010 799; x_wconf 87' lang='lat' dir='ltr'><strong>hostes</strong></span> <span class='ocrx_word' id='word_1_52' title='bbox 1053 766 1405 814; x_wconf 78' lang='lat' dir='ltr'><strong>persequerentur,</strong></span> <span class='ocrx_word' id='word_1_53' title='bbox 1452 759 1587 813; x_wconf 88' lang='lat' dir='ltr'><strong>potius</strong></span> 
     </span>
     <span class='ocr_line' id='line_1_8' title="bbox 97 840 1589 901; baseline -0.003 -16"><span class='ocrx_word' id='word_1_54' title='bbox 97 859 211 901; x_wconf 86' lang='lat' dir='ltr'><strong>quam</strong></span> <span class='ocrx_word' id='word_1_55' title='bbox 234 843 400 885; x_wconf 90' lang='lat' dir='ltr'><strong>scribam</strong></span> <span class='ocrx_word' id='word_1_56' title='bbox 423 843 634 900; x_wconf 88' lang='lat' dir='ltr'><strong>quemlibet</strong></span> <span class='ocrx_word' id='word_1_57' title='bbox 655 842 751 883; x_wconf 89' lang='lat' dir='ltr'><strong>male</strong></span> <span class='ocrx_word' id='word_1_58' title='bbox 770 844 1066 898; x_wconf 88' lang='lat' dir='ltr'><strong>interpretatum</strong></span> <span class='ocrx_word' id='word_1_59' title='bbox 1085 856 1167 882; x_wconf 89' lang='lat' dir='ltr'><strong>esse</strong></span> <span class='ocrx_word' id='word_1_60' title='bbox 1187 840 1445 898; x_wconf 79' lang='lat' dir='ltr'><strong>fragmentum</strong></span> <span class='ocrx_word' id='word_1_61' title='bbox 1462 843 1589 897; x_wconf 89' lang='lat' dir='ltr'><strong>poeti-</strong></span> 
     </span>
     <span class='ocr_line' id='line_1_9' title="bbox 97 924 1588 984; baseline -0.002 -16"><span class='ocrx_word' id='word_1_62' title='bbox 97 942 203 976; x_wconf 89' lang='lat' dir='ltr'><strong>cum,</strong></span> <span class='ocrx_word' id='word_1_63' title='bbox 246 926 355 984; x_wconf 91' lang='lat' dir='ltr'><strong>quod</strong></span> <span class='ocrx_word' id='word_1_64' title='bbox 394 927 517 967; x_wconf 89' lang='lat' dir='ltr'><strong>multo</strong></span> <span class='ocrx_word' id='word_1_65' title='bbox 550 927 687 967; x_wconf 88' lang='lat' dir='ltr'><strong>melius</strong></span> <span class='ocrx_word' id='word_1_66' title='bbox 720 941 794 967; x_wconf 91' lang='lat' dir='ltr'><strong>nos</strong></span> <span class='ocrx_word' id='word_1_67' title='bbox 828 925 1020 982; x_wconf 81' lang='lat' dir='ltr'><strong>explicare</strong></span> <span class='ocrx_word' id='word_1_68' title='bbox 1053 924 1296 981; x_wconf 77' lang='lat' dir='ltr'><strong>possumus?</strong></span> <span class='ocrx_word' id='word_1_69' title='bbox 1336 924 1588 981; x_wconf 79' lang='lat' dir='ltr'><strong>Quantopere</strong></span> 
     </span>
     <span class='ocr_line' id='line_1_10' title="bbox 97 1007 1589 1064; baseline -0.002 -12"><span class='ocrx_word' id='word_1_70' title='bbox 97 1010 239 1052; x_wconf 87' lang='lat' dir='ltr'><strong>sudent</strong></span> <span class='ocrx_word' id='word_1_71' title='bbox 260 1011 321 1052; x_wconf 80' lang='lat' dir='ltr'><strong>vel</strong></span> <span class='ocrx_word' id='word_1_72' title='bbox 353 1011 618 1052; x_wconf 80' lang='lat' dir='ltr'><strong>honestissimi</strong></span> <span class='ocrx_word' id='word_1_73' title='bbox 642 1011 726 1059; x_wconf 89' lang='lat' dir='ltr'><strong>viri,</strong></span> <span class='ocrx_word' id='word_1_74' title='bbox 761 1017 806 1050; x_wconf 92' lang='lat' dir='ltr'><strong>ut</strong></span> <span class='ocrx_word' id='word_1_75' title='bbox 828 1016 1112 1064; x_wconf 59' lang='lat' dir='ltr'><strong>armamentum</strong></span> <span class='ocrx_word' id='word_1_76' title='bbox 1132 1007 1227 1049; x_wconf 90' lang='lat' dir='ltr'><strong>illud</strong></span> <span class='ocrx_word' id='word_1_77' title='bbox 1255 1008 1313 1050; x_wconf 75' lang='lat' dir='ltr'><strong>ad</strong></span> <span class='ocrx_word' id='word_1_78' title='bbox 1329 1008 1589 1050; x_wconf 66' lang='lat' dir='ltr'><strong>scltolz&#39;astam</strong></span> 
     </span>
     <span class='ocr_line' id='line_1_11' title="bbox 97 1090 1588 1149; baseline -0.001 -14"><span class='ocrx_word' id='word_1_79' title='bbox 97 1094 282 1143; x_wconf 86' lang='lat' dir='ltr'><strong>evadant,</strong></span> <span class='ocrx_word' id='word_1_80' title='bbox 324 1109 404 1134; x_wconf 91' lang='lat' dir='ltr'><strong>uno</strong></span> <span class='ocrx_word' id='word_1_81' title='bbox 445 1093 623 1149; x_wconf 86' lang='lat' dir='ltr'><strong>exemplo</strong></span> <span class='ocrx_word' id='word_1_82' title='bbox 665 1092 880 1134; x_wconf 86' lang='lat' dir='ltr'><strong>ostendam.</strong></span> <span class='ocrx_word' id='word_1_83' title='bbox 943 1091 1080 1149; x_wconf 88' lang='lat' dir='ltr'><strong>Nuper</strong></span> <span class='ocrx_word' id='word_1_84' title='bbox 1119 1092 1213 1133; x_wconf 88' lang='lat' dir='ltr'><strong>mihi</strong></span> <span class='ocrx_word' id='word_1_85' title='bbox 1247 1093 1412 1149; x_wconf 82' lang='lat' dir='ltr'><strong>contigit</strong></span> <span class='ocrx_word' id='word_1_86' title='bbox 1445 1090 1588 1134; x_wconf 84' lang='lat' dir='ltr'><strong>Canta-</strong></span> 
     </span>
     <span class='ocr_line' id='line_1_12' title="bbox 95 1175 1587 1234; baseline -0.001 -16"><span class='ocrx_word' id='word_1_87' title='bbox 95 1177 243 1234; x_wconf 84' lang='lat' dir='ltr'><strong>brigiae</strong></span> <span class='ocrx_word' id='word_1_88' title='bbox 265 1179 304 1218; x_wconf 91' lang='lat' dir='ltr'><strong>in</strong></span> <span class='ocrx_word' id='word_1_89' title='bbox 325 1177 496 1218; x_wconf 84' lang='lat' dir='ltr'><strong>Ecclesia</strong></span> <span class='ocrx_word' id='word_1_90' title='bbox 516 1176 748 1218; x_wconf 89' lang='lat' dir='ltr'><strong>Academica</strong></span> <span class='ocrx_word' id='word_1_91' title='bbox 771 1176 817 1217; x_wconf 86' lang='lat' dir='ltr'><strong>de</strong></span> <span class='ocrx_word' id='word_1_92' title='bbox 839 1184 978 1217; x_wconf 87' lang='lat' dir='ltr'><strong>nostro</strong></span> <span class='ocrx_word' id='word_1_93' title='bbox 1004 1184 1114 1217; x_wconf 85' lang='lat' dir='ltr'><strong>textu</strong></span> <span class='ocrx_word' id='word_1_94' title='bbox 1137 1177 1431 1217; x_wconf 84' lang='lat' dir='ltr'><strong>concionantem</strong></span> <span class='ocrx_word' id='word_1_95' title='bbox 1453 1175 1587 1217; x_wconf 89' lang='lat' dir='ltr'><strong>audire</strong></span> 
     </span>
     <span class='ocr_line' id='line_1_13' title="bbox 95 1255 1586 1317; baseline 0 -17"><span class='ocrx_word' id='word_1_96' title='bbox 95 1259 319 1302; x_wconf 82' lang='lat' dir='ltr'><strong>familiarem</strong></span> <span class='ocrx_word' id='word_1_97' title='bbox 361 1260 554 1317; x_wconf 87' lang='lat' dir='ltr'><strong>quendam</strong></span> <span class='ocrx_word' id='word_1_98' title='bbox 595 1275 722 1301; x_wconf 89' lang='lat' dir='ltr'><strong>meum</strong></span> <span class='ocrx_word' id='word_1_99' title='bbox 764 1260 1005 1316; x_wconf 79' lang='lat' dir='ltr'><strong>Marigenam</strong></span> <span class='ocrx_word' id='word_1_100' title='bbox 1049 1256 1097 1312; x_wconf 90' lang='lat' dir='ltr'><strong>(i.</strong></span> <span class='ocrx_word' id='word_1_101' title='bbox 1129 1274 1160 1300; x_wconf 90' lang='lat' dir='ltr'><strong>e.</strong></span> <span class='ocrx_word' id='word_1_102' title='bbox 1201 1258 1343 1301; x_wconf 84' lang='lat' dir='ltr'><strong>Gallice</strong></span> <span class='ocrx_word' id='word_1_103' title='bbox 1382 1255 1586 1315; x_wconf 58' lang='lat' dir='ltr'><strong>splorycm)</strong></span> 
     </span>
     <span class='ocr_line' id='line_1_14' title="bbox 97 1339 1586 1400; baseline -0.001 -15"><span class='ocrx_word' id='word_1_104' title='bbox 97 1342 255 1394; x_wconf 76' lang='lat' dir='ltr'><strong>Cmvie,</strong></span> <span class='ocrx_word' id='word_1_105' title='bbox 291 1342 389 1385; x_wconf 89' lang='lat' dir='ltr'><strong>Coll.</strong></span> <span class='ocrx_word' id='word_1_106' title='bbox 414 1344 462 1385; x_wconf 92' lang='lat' dir='ltr'><strong>D.</strong></span> <span class='ocrx_word' id='word_1_107' title='bbox 486 1344 649 1385; x_wconf 63' lang='lat' dir='ltr'><strong>,Ioannis</strong></span> <span class='ocrx_word' id='word_1_108' title='bbox 676 1343 836 1385; x_wconf 86' lang='lat' dir='ltr'><strong>Socium</strong></span> <span class='ocrx_word' id='word_1_109' title='bbox 857 1339 897 1397; x_wconf 88' lang='lat'><strong>¹),</strong></span> <span class='ocrx_word' id='word_1_110' title='bbox 930 1346 1059 1384; x_wconf 83' lang='lat' dir='ltr'><strong>virum</strong></span> <span class='ocrx_word' id='word_1_111' title='bbox 1092 1345 1132 1384; x_wconf 90' lang='lat' dir='ltr'><strong>in</strong></span> <span class='ocrx_word' id='word_1_112' title='bbox 1165 1343 1379 1400; x_wconf 88' lang='lat' dir='ltr'><strong>disciplinis</strong></span> <span class='ocrx_word' id='word_1_113' title='bbox 1411 1343 1586 1400; x_wconf 85' lang='lat' dir='ltr'><strong>physicis</strong></span> 
     </span>
     <span class='ocr_line' id='line_1_15' title="bbox 97 1411 1588 1484; baseline -0.001 -15"><span class='ocrx_word' id='word_1_114' title='bbox 97 1436 134 1469; x_wconf 88' lang='lat' dir='ltr'><strong>et</strong></span> <span class='ocrx_word' id='word_1_115' title='bbox 163 1427 464 1477; x_wconf 87' lang='lat' dir='ltr'><strong>mathematicis,</strong></span> <span class='ocrx_word' id='word_1_116' title='bbox 506 1429 537 1468; x_wconf 93' lang='lat' dir='ltr'><strong>si</strong></span> <span class='ocrx_word' id='word_1_117' title='bbox 571 1429 658 1484; x_wconf 91' lang='lat' dir='ltr'><strong>quis</strong></span> <span class='ocrx_word' id='word_1_118' title='bbox 692 1427 812 1477; x_wconf 87' lang='lat' dir='ltr'><strong>alius,</strong></span> <span class='ocrx_word' id='word_1_119' title='bbox 846 1428 1122 1477; x_wconf 83' lang='lat' dir='ltr'><strong>exercitatum,</strong></span> <span class='ocrx_word' id='word_1_120' title='bbox 1156 1429 1224 1483; x_wconf 89' lang='lat' dir='ltr'><strong>qui</strong></span> <span class='ocrx_word' id='word_1_121' title='bbox 1258 1411 1386 1468; x_wconf 63' lang='lat' dir='ltr'><strong>tamen⁴</strong></span> <span class='ocrx_word' id='word_1_122' title='bbox 1414 1426 1588 1483; x_wconf 91' lang='lat' dir='ltr'><strong>philolo-</strong></span> 
     </span>
     <span class='ocr_line' id='line_1_16' title="bbox 95 1510 1586 1568; baseline -0.001 -16"><span class='ocrx_word' id='word_1_123' title='bbox 95 1513 218 1568; x_wconf 84' lang='lat' dir='ltr'><strong>gicam</strong></span> <span class='ocrx_word' id='word_1_124' title='bbox 252 1513 449 1552; x_wconf 87' lang='lat' dir='ltr'><strong>scientiam</strong></span> <span class='ocrx_word' id='word_1_125' title='bbox 485 1526 531 1553; x_wconf 92' lang='lat' dir='ltr'><strong>ne</strong></span> <span class='ocrx_word' id='word_1_126' title='bbox 562 1510 802 1568; x_wconf 88' lang='lat' dir='ltr'><strong>primoribus</strong></span> <span class='ocrx_word' id='word_1_127' title='bbox 838 1510 994 1568; x_wconf 89' lang='lat' dir='ltr'><strong>quidem</strong></span> <span class='ocrx_word' id='word_1_128' title='bbox 1027 1510 1145 1552; x_wconf 88' lang='lat' dir='ltr'><strong>labris</strong></span> <span class='ocrx_word' id='word_1_129' title='bbox 1179 1512 1320 1567; x_wconf 84' lang='lat' dir='ltr'><strong>attigit.</strong></span> <span class='ocrx_word' id='word_1_130' title='bbox 1382 1510 1417 1551; x_wconf 88' lang='lat' dir='ltr'><strong>Is</strong></span> <span class='ocrx_word' id='word_1_131' title='bbox 1449 1512 1586 1566; x_wconf 86' lang='lat' dir='ltr'><strong>utique</strong></span> 
     </span>
     <span class='ocr_line' id='line_1_17' title="bbox 96 1593 1587 1652; baseline -0.001 -17"><span class='ocrx_word' id='word_1_132' title='bbox 96 1596 196 1636; x_wconf 90' lang='lat' dir='ltr'><strong>inter</strong></span> <span class='ocrx_word' id='word_1_133' title='bbox 234 1595 305 1636; x_wconf 87' lang='lat' dir='ltr'><strong>alia</strong></span> <span class='ocrx_word' id='word_1_134' title='bbox 346 1609 444 1652; x_wconf 87' lang='lat' dir='ltr'><strong>quae</strong></span> <span class='ocrx_word' id='word_1_135' title='bbox 477 1595 569 1635; x_wconf 91' lang='lat' dir='ltr'><strong>mihi</strong></span> <span class='ocrx_word' id='word_1_136' title='bbox 604 1594 759 1651; x_wconf 88' lang='lat' dir='ltr'><strong>quidem</strong></span> <span class='ocrx_word' id='word_1_137' title='bbox 793 1594 908 1651; x_wconf 89' lang='lat' dir='ltr'><strong>plane</strong></span> <span class='ocrx_word' id='word_1_138' title='bbox 939 1593 1115 1635; x_wconf 87' lang='lat' dir='ltr'><strong>miranda</strong></span> <span class='ocrx_word' id='word_1_139' title='bbox 1147 1593 1335 1650; x_wconf 88' lang='lat' dir='ltr'><strong>protulit,</strong></span> <span class='ocrx_word' id='word_1_140' title='bbox 1376 1608 1424 1635; x_wconf 89' lang='lat' dir='ltr'><strong>ne</strong></span> <span class='ocrx_word' id='word_1_141' title='bbox 1457 1595 1587 1634; x_wconf 90' lang='lat' dir='ltr'><strong>omnia</strong></span> 
     </span>
     <span class='ocr_line' id='line_1_18' title="bbox 96 1676 1587 1735; baseline -0.001 -17"><span class='ocrx_word' id='word_1_142' title='bbox 96 1692 144 1719; x_wconf 79' lang='lat' dir='ltr'><strong>ex</strong></span> <span class='ocrx_word' id='word_1_143' title='bbox 176 1680 357 1720; x_wconf 85' lang='lat' dir='ltr'><strong>citatione</strong></span> <span class='ocrx_word' id='word_1_144' title='bbox 388 1678 453 1719; x_wconf 93' lang='lat' dir='ltr'><strong>illa</strong></span> <span class='ocrx_word' id='word_1_145' title='bbox 483 1678 717 1734; x_wconf 86' lang='lat' dir='ltr'><strong>penderent,</strong></span> <span class='ocrx_word' id='word_1_146' title='bbox 752 1687 869 1735; x_wconf 89' lang='lat' dir='ltr'><strong>atque</strong></span> <span class='ocrx_word' id='word_1_147' title='bbox 901 1679 955 1719; x_wconf 90' lang='lat' dir='ltr'><strong>ita</strong></span> <span class='ocrx_word' id='word_1_148' title='bbox 983 1679 1154 1734; x_wconf 88' lang='lat' dir='ltr'><strong>scriptor</strong></span> <span class='ocrx_word' id='word_1_149' title='bbox 1176 1679 1386 1719; x_wconf 89' lang='lat' dir='ltr'><strong>canonicus</strong></span> <span class='ocrx_word' id='word_1_150' title='bbox 1409 1678 1448 1718; x_wconf 94' lang='lat' dir='ltr'><strong>in</strong></span> <span class='ocrx_word' id='word_1_151' title='bbox 1471 1676 1587 1717; x_wconf 90' lang='lat' dir='ltr'><strong>scho-</strong></span> 
     </span>
     <span class='ocr_line' id='line_1_19' title="bbox 94 1760 1586 1830; baseline 0 -29"><span class='ocrx_word' id='word_1_152' title='bbox 94 1760 244 1802; x_wconf 87' lang='lat' dir='ltr'><strong>liastam</strong></span> <span class='ocrx_word' id='word_1_153' title='bbox 276 1761 545 1812; x_wconf 87' lang='lat' dir='ltr'><strong>descenderet,</strong></span> <span class='ocrx_word' id='word_1_154' title='bbox 579 1761 818 1803; x_wconf 84' lang='lat' dir='ltr'><strong>vocabulum</strong></span> <span class='ocrx_word' id='word_1_155' title='bbox 839 1766 939 1830; x_wconf 50' lang='grc' dir='ltr'><strong>Ἷῖτζῖζ</strong></span> <span class='ocrx_word' id='word_1_156' title='bbox 967 1776 1108 1803; x_wconf 80' lang='lat' dir='ltr'><strong>verum</strong></span> <span class='ocrx_word' id='word_1_157' title='bbox 1128 1761 1189 1803; x_wconf 85' lang='lat' dir='ltr'><strong>vel</strong></span> <span class='ocrx_word' id='word_1_158' title='bbox 1219 1761 1443 1802; x_wconf 74' lang='lat' dir='ltr'><strong>veridicum</strong></span> <span class='ocrx_word' id='word_1_159' title='bbox 1467 1762 1586 1801; x_wconf 89' lang='lat' dir='ltr'><strong>inter-</strong></span> 
     </span>
     <span class='ocr_line' id='line_1_20' title="bbox 94 1844 1585 1901; baseline -0.001 -16"><span class='ocrx_word' id='word_1_160' title='bbox 94 1844 334 1900; x_wconf 87' lang='lat' dir='ltr'><strong>pretabatur,</strong></span> <span class='ocrx_word' id='word_1_161' title='bbox 369 1853 406 1886; x_wconf 89' lang='lat' dir='ltr'><strong>et</strong></span> <span class='ocrx_word' id='word_1_162' title='bbox 436 1847 666 1901; x_wconf 89' lang='lat' dir='ltr'><strong>scriptorem</strong></span> <span class='ocrx_word' id='word_1_163' title='bbox 697 1845 814 1886; x_wconf 86' lang='lat' dir='ltr'><strong>nobis</strong></span> <span class='ocrx_word' id='word_1_164' title='bbox 847 1844 1060 1886; x_wconf 81' lang='lat' dir='ltr'><strong>exhibebat</strong></span> <span class='ocrx_word' id='word_1_165' title='bbox 1091 1847 1158 1901; x_wconf 90' lang='lat' dir='ltr'><strong>qui</strong></span> <span class='ocrx_word' id='word_1_166' title='bbox 1188 1859 1269 1886; x_wconf 89' lang='lat' dir='ltr'><strong>rem</strong></span> <span class='ocrx_word' id='word_1_167' title='bbox 1301 1852 1443 1885; x_wconf 90' lang='lat' dir='ltr'><strong>certam</strong></span> <span class='ocrx_word' id='word_1_168' title='bbox 1469 1851 1585 1900; x_wconf 90' lang='lat' dir='ltr'><strong>atque</strong></span> 
     </span>
     <span class='ocr_line' id='line_1_21' title="bbox 96 1927 1584 1985; baseline 0 -17"><span class='ocrx_word' id='word_1_169' title='bbox 96 1927 338 1983; x_wconf 83' lang='lat' dir='ltr'><strong>exploratam</strong></span> <span class='ocrx_word' id='word_1_170' title='bbox 362 1942 445 1969; x_wconf 87' lang='lat' dir='ltr'><strong>esse</strong></span> <span class='ocrx_word' id='word_1_171' title='bbox 466 1928 532 1969; x_wconf 89' lang='lat' dir='ltr'><strong>tali</strong></span> <span class='ocrx_word' id='word_1_172' title='bbox 556 1930 787 1970; x_wconf 90' lang='lat' dir='ltr'><strong>auctoritate</strong></span> <span class='ocrx_word' id='word_1_173' title='bbox 809 1928 1101 1985; x_wconf 87' lang='lat' dir='ltr'><strong>comprobaret:</strong></span> <span class='ocrx_word' id='word_1_174' title='bbox 1126 1943 1284 1969; x_wconf 74' lang='lat' dir='ltr'><strong>»nonne</strong></span> <span class='ocrx_word' id='word_1_175' title='bbox 1303 1928 1379 1969; x_wconf 91' lang='lat' dir='ltr'><strong>hoc</strong></span> <span class='ocrx_word' id='word_1_176' title='bbox 1395 1929 1584 1984; x_wconf 88' lang='lat' dir='ltr'><strong>scriptum</strong></span> 
     </span>
     <span class='ocr_line' id='line_1_22' title="bbox 96 2010 1584 2068; baseline 0 -16"><span class='ocrx_word' id='word_1_177' title='bbox 96 2018 154 2052; x_wconf 87' lang='lat' dir='ltr'><strong>est</strong></span> <span class='ocrx_word' id='word_1_178' title='bbox 175 2012 213 2051; x_wconf 93' lang='lat' dir='ltr'><strong>in</strong></span> <span class='ocrx_word' id='word_1_179' title='bbox 236 2011 336 2053; x_wconf 90' lang='lat' dir='ltr'><strong>libro</strong></span> <span class='ocrx_word' id='word_1_180' title='bbox 360 2012 564 2053; x_wconf 75' lang='lat' dir='ltr'><strong>veritatis«</strong></span> <span class='ocrx_word' id='word_1_181' title='bbox 597 2014 622 2052; x_wconf 90' lang='lat' dir='ltr'><strong>i.</strong></span> <span class='ocrx_word' id='word_1_182' title='bbox 646 2027 678 2053; x_wconf 89' lang='lat' dir='ltr'><strong>e.</strong></span> <span class='ocrx_word' id='word_1_183' title='bbox 702 2014 947 2054; x_wconf 88' lang='lat' dir='ltr'><strong>verissimum</strong></span> <span class='ocrx_word' id='word_1_184' title='bbox 971 2021 1030 2054; x_wconf 91' lang='lat' dir='ltr'><strong>est</strong></span> <span class='ocrx_word' id='word_1_185' title='bbox 1050 2011 1158 2062; x_wconf 90' lang='lat' dir='ltr'><strong>illud,</strong></span> <span class='ocrx_word' id='word_1_186' title='bbox 1193 2011 1302 2068; x_wconf 90' lang='lat' dir='ltr'><strong>quod</strong></span> <span class='ocrx_word' id='word_1_187' title='bbox 1324 2026 1428 2053; x_wconf 89' lang='lat' dir='ltr'><strong>nunc</strong></span> <span class='ocrx_word' id='word_1_188' title='bbox 1448 2010 1584 2052; x_wconf 83' lang='lat' dir='ltr'><strong>trado!</strong></span> 
     </span>
     <span class='ocr_line' id='line_1_23' title="bbox 93 2093 1583 2153; baseline 0.001 -18"><span class='ocrx_word' id='word_1_189' title='bbox 93 2093 172 2135; x_wconf 90' lang='lat' dir='ltr'><strong>Nec</strong></span> <span class='ocrx_word' id='word_1_190' title='bbox 203 2094 347 2151; x_wconf 89' lang='lat' dir='ltr'><strong>puduit</strong></span> <span class='ocrx_word' id='word_1_191' title='bbox 378 2098 504 2137; x_wconf 90' lang='lat' dir='ltr'><strong>virum</strong></span> <span class='ocrx_word' id='word_1_192' title='bbox 544 2110 732 2152; x_wconf 88' lang='lat' dir='ltr'><strong>perquam</strong></span> <span class='ocrx_word' id='word_1_193' title='bbox 764 2097 1010 2153; x_wconf 79' lang='lat' dir='ltr'><strong>ingeniosum</strong></span> <span class='ocrx_word' id='word_1_194' title='bbox 1043 2096 1156 2137; x_wconf 89' lang='lat' dir='ltr'><strong>talem</strong></span> <span class='ocrx_word' id='word_1_195' title='bbox 1190 2097 1421 2136; x_wconf 90' lang='lat' dir='ltr'><strong>sententiam</strong></span> <span class='ocrx_word' id='word_1_196' title='bbox 1454 2110 1583 2136; x_wconf 89' lang='lat' dir='ltr'><strong>coram</strong></span> 
     </span>
     <span class='ocr_line' id='line_1_24' title="bbox 95 2177 1584 2236; baseline 0.001 -18"><span class='ocrx_word' id='word_1_197' title='bbox 95 2177 341 2220; x_wconf 87' lang='lat' dir='ltr'><strong>doctissimae</strong></span> <span class='ocrx_word' id='word_1_198' title='bbox 373 2179 605 2220; x_wconf 86' lang='lat' dir='ltr'><strong>Academiae</strong></span> <span class='ocrx_word' id='word_1_199' title='bbox 638 2178 867 2221; x_wconf 87' lang='lat' dir='ltr'><strong>doctoribus</strong></span> <span class='ocrx_word' id='word_1_200' title='bbox 900 2179 1064 2221; x_wconf 85' lang='lat' dir='ltr'><strong>effutire.</strong></span> <span class='ocrx_word' id='word_1_201' title='bbox 1112 2178 1167 2220; x_wconf 92' lang='lat' dir='ltr'><strong>Ibi</strong></span> <span class='ocrx_word' id='word_1_202' title='bbox 1200 2188 1294 2220; x_wconf 90' lang='lat' dir='ltr'><strong>tunc</strong></span> <span class='ocrx_word' id='word_1_203' title='bbox 1326 2179 1517 2236; x_wconf 88' lang='lat' dir='ltr'><strong>equidem,</strong></span> <span class='ocrx_word' id='word_1_204' title='bbox 1552 2180 1584 2220; x_wconf 91' lang='lat' dir='ltr'><strong>si</strong></span> 
     </span>
     <span class='ocr_line' id='line_1_25' title="bbox 93 2262 1586 2320; baseline 0.001 -18"><span class='ocrx_word' id='word_1_205' title='bbox 93 2276 173 2302; x_wconf 91' lang='lat' dir='ltr'><strong>non</strong></span> <span class='ocrx_word' id='word_1_206' title='bbox 205 2270 336 2312; x_wconf 89' lang='lat' dir='ltr'><strong>antea,</strong></span> <span class='ocrx_word' id='word_1_207' title='bbox 371 2271 618 2319; x_wconf 88' lang='lat' dir='ltr'><strong>perspectum</strong></span> <span class='ocrx_word' id='word_1_208' title='bbox 652 2262 795 2313; x_wconf 89' lang='lat' dir='ltr'><strong>habui,</strong></span> <span class='ocrx_word' id='word_1_209' title='bbox 831 2278 947 2320; x_wconf 88' lang='lat' dir='ltr'><strong>quam</strong></span> <span class='ocrx_word' id='word_1_210' title='bbox 979 2278 1134 2305; x_wconf 87' lang='lat' dir='ltr'><strong>necesse</strong></span> <span class='ocrx_word' id='word_1_211' title='bbox 1167 2271 1268 2305; x_wconf 90' lang='lat' dir='ltr'><strong>essct</strong></span> <span class='ocrx_word' id='word_1_212' title='bbox 1298 2271 1344 2304; x_wconf 88' lang='lat' dir='ltr'><strong>ut</strong></span> <span class='ocrx_word' id='word_1_213' title='bbox 1374 2265 1414 2304; x_wconf 92' lang='lat' dir='ltr'><strong>in</strong></span> <span class='ocrx_word' id='word_1_214' title='bbox 1445 2262 1586 2304; x_wconf 86' lang='lat' dir='ltr'><strong>Jasha-</strong></span> 
     </span>
     <span class='ocr_line' id='line_1_26' title="bbox 92 2345 1148 2405; baseline 0.002 -18"><span class='ocrx_word' id='word_1_215' title='bbox 92 2347 176 2387; x_wconf 90' lang='lat' dir='ltr'><strong>rani</strong></span> <span class='ocrx_word' id='word_1_216' title='bbox 208 2345 295 2387; x_wconf 88' lang='lat' dir='ltr'><strong>libri</strong></span> <span class='ocrx_word' id='word_1_217' title='bbox 327 2355 488 2389; x_wconf 89' lang='lat' dir='ltr'><strong>aetatem</strong></span> <span class='ocrx_word' id='word_1_218' title='bbox 522 2355 638 2404; x_wconf 87' lang='lat' dir='ltr'><strong>atque</strong></span> <span class='ocrx_word' id='word_1_219' title='bbox 670 2346 839 2388; x_wconf 90' lang='lat' dir='ltr'><strong>indolem</strong></span> <span class='ocrx_word' id='word_1_220' title='bbox 873 2349 1148 2405; x_wconf 85' lang='lat' dir='ltr'><strong>inquireretur.</strong></span> 
     </span>
    </p>

    <p class='ocr_par' dir='ltr' id='par_1_3' title="bbox 92 2427 1583 2572">
     <span class='ocr_line' id='line_1_27' title="bbox 210 2427 1583 2487; baseline 0.001 -17"><span class='ocrx_word' id='word_1_221' title='bbox 210 2429 458 2472; x_wconf 90' lang='lat' dir='ltr'><strong>Novissimus</strong></span> <span class='ocrx_word' id='word_1_222' title='bbox 499 2430 619 2487; x_wconf 87' lang='lat' dir='ltr'><strong>hujus</strong></span> <span class='ocrx_word' id='word_1_223' title='bbox 660 2430 735 2472; x_wconf 91' lang='lat' dir='ltr'><strong>loci</strong></span> <span class='ocrx_word' id='word_1_224' title='bbox 772 2432 983 2487; x_wconf 85' lang='lat' dir='ltr'><strong>interpres,</strong></span> <span class='ocrx_word' id='word_1_225' title='bbox 1023 2431 1224 2472; x_wconf 84' lang='lat' dir='ltr'><strong>Johannes</strong></span> <span class='ocrx_word' id='word_1_226' title='bbox 1259 2430 1462 2487; x_wconf 87' lang='lat' dir='ltr'><strong>Gumpaeh</strong></span> <span class='ocrx_word' id='word_1_227' title='bbox 1495 2427 1583 2484; x_wconf 86' lang='lat' dir='ltr'><strong>(alt-</strong></span> 
     </span>
     <span class='ocr_line' id='line_1_28' title="bbox 92 2511 1582 2572; baseline 0.001 -18"><span class='ocrx_word' id='word_1_228' title='bbox 92 2513 397 2555; x_wconf 89' lang='lat' dir='ltr'><strong>testamentliche</strong></span> <span class='ocrx_word' id='word_1_229' title='bbox 438 2513 624 2564; x_wconf 89' lang='lat' dir='ltr'><strong>Studien,</strong></span> <span class='ocrx_word' id='word_1_230' title='bbox 666 2513 901 2572; x_wconf 81' lang='lat' dir='ltr'><strong>Heidelberg</strong></span> <span class='ocrx_word' id='word_1_231' title='bbox 933 2513 1045 2556; x_wconf 83' lang='grc'>1852</span> <span class='ocrx_word' id='word_1_232' title='bbox 1085 2530 1153 2571; x_wconf 90' lang='lat' dir='ltr'><strong>pp.</strong></span> <span class='ocrx_word' id='word_1_233' title='bbox 1189 2511 1472 2567; x_wconf 62' lang='lat' dir='ltr'><strong>uti—181),</strong></span> <span class='ocrx_word' id='word_1_234' title='bbox 1515 2516 1582 2571; x_wconf 89' lang='lat' dir='ltr'><strong>qui</strong></span> 
     </span>
    </p>
   </div>
   <div class='ocr_carea' id='block_1_3' title="bbox 92 2595 1582 2654">
    <p class='ocr_par' dir='ltr' id='par_1_4' title="bbox 92 2595 1582 2654">
     <span class='ocr_line' id='line_1_29' title="bbox 92 2595 1582 2654; baseline 0.001 -18"><span class='ocrx_word' id='word_1_235' title='bbox 92 2595 314 2638; x_wconf 87' lang='lat' dir='ltr'><strong>tralatitiam</strong></span> <span class='ocrx_word' id='word_1_236' title='bbox 346 2597 449 2639; x_wconf 91' lang='lat' dir='ltr'><strong>illam</strong></span> <span class='ocrx_word' id='word_1_237' title='bbox 483 2598 529 2640; x_wconf 89' lang='lat' dir='ltr'><strong>de</strong></span> <span class='ocrx_word' id='word_1_238' title='bbox 560 2598 748 2640; x_wconf 90' lang='lat' dir='ltr'><strong>miraculo</strong></span> <span class='ocrx_word' id='word_1_239' title='bbox 782 2599 1046 2640; x_wconf 88' lang='lat' dir='ltr'><strong>astronomico</strong></span> <span class='ocrx_word' id='word_1_240' title='bbox 1072 2599 1296 2654; x_wconf 90' lang='lat' dir='ltr'><strong>opinionem</strong></span> <span class='ocrx_word' id='word_1_241' title='bbox 1319 2612 1472 2639; x_wconf 90' lang='lat' dir='ltr'><strong>summo</strong></span> <span class='ocrx_word' id='word_1_242' title='bbox 1495 2612 1582 2639; x_wconf 91' lang='lat' dir='ltr'><strong>cum</strong></span> 
     </span>
    </p>
   </div>
   <div class='ocr_carea' id='block_1_4' title="bbox 151 2696 375 2701">
    <p class='ocr_par' dir='ltr' id='par_1_5' title="bbox 151 2696 375 2701">
     <span class='ocr_line' id='line_1_30' title="bbox 151 2696 375 2701; baseline 0 0"><span class='ocrx_word' id='word_1_243' title='bbox 151 2696 375 2701; x_wconf 95' lang='lat' dir='ltr'><strong> </strong></span> 
     </span>
    </p>
   </div>
   <div class='ocr_carea' id='block_1_5' title="bbox 93 2742 1582 2976">
    <p class='ocr_par' dir='ltr' id='par_1_6' title="bbox 93 2742 1582 2976">
     <span class='ocr_line' id='line_1_31' title="bbox 196 2742 1582 2790; baseline 0.002 -13"><span class='ocrx_word' id='word_1_244' title='bbox 196 2743 218 2786; x_wconf 85' lang='lat'><strong>¹)</strong></span> <span class='ocrx_word' id='word_1_245' title='bbox 251 2742 380 2778; x_wconf 84' lang='lat' dir='ltr'><strong>Nomen</strong></span> <span class='ocrx_word' id='word_1_246' title='bbox 400 2746 543 2779; x_wconf 87' lang='lat' dir='ltr'><strong>oratoris</strong></span> <span class='ocrx_word' id='word_1_247' title='bbox 563 2745 686 2780; x_wconf 86' lang='lat' dir='ltr'><strong>idcirco</strong></span> <span class='ocrx_word' id='word_1_248' title='bbox 707 2744 903 2780; x_wconf 79' lang='lat' dir='ltr'><strong>edicendum</strong></span> <span class='ocrx_word' id='word_1_249' title='bbox 923 2745 1056 2790; x_wconf 73' lang='lat' dir='ltr'><strong>putavi,</strong></span> <span class='ocrx_word' id='word_1_250' title='bbox 1086 2745 1163 2790; x_wconf 84' lang='lat' dir='ltr'><strong>quia</strong></span> <span class='ocrx_word' id='word_1_251' title='bbox 1181 2746 1246 2779; x_wconf 86' lang='lat' dir='ltr'><strong>ista</strong></span> <span class='ocrx_word' id='word_1_252' title='bbox 1265 2746 1378 2779; x_wconf 88' lang='lat' dir='ltr'><strong>concio</strong></span> <span class='ocrx_word' id='word_1_253' title='bbox 1399 2745 1439 2779; x_wconf 86' lang='lat' dir='ltr'><strong>ad</strong></span> <span class='ocrx_word' id='word_1_254' title='bbox 1457 2747 1582 2780; x_wconf 80' lang='lat' dir='ltr'><strong>Prae-</strong></span> 
     </span>
     <span class='ocr_line' id='line_1_32' title="bbox 93 2807 1580 2857; baseline 0.001 -15"><span class='ocrx_word' id='word_1_255' title='bbox 93 2807 268 2843; x_wconf 83' lang='lat' dir='ltr'><strong>lectiones</strong></span> <span class='ocrx_word' id='word_1_256' title='bbox 285 2809 494 2844; x_wconf 83' lang='lat' dir='ltr'><strong>Hulseanas</strong></span> <span class='ocrx_word' id='word_1_257' title='bbox 519 2812 700 2856; x_wconf 78' lang='lat' dir='ltr'><strong>pertineat,</strong></span> <span class='ocrx_word' id='word_1_258' title='bbox 728 2822 812 2857; x_wconf 88' lang='lat' dir='ltr'><strong>quae</strong></span> <span class='ocrx_word' id='word_1_259' title='bbox 840 2823 878 2845; x_wconf 90' lang='lat' dir='ltr'><strong>eo</strong></span> <span class='ocrx_word' id='word_1_260' title='bbox 908 2809 1049 2844; x_wconf 88' lang='lat' dir='ltr'><strong>consilio</strong></span> <span class='ocrx_word' id='word_1_261' title='bbox 1077 2812 1270 2853; x_wconf 79' lang='lat' dir='ltr'><strong>recitantur,</strong></span> <span class='ocrx_word' id='word_1_262' title='bbox 1297 2816 1335 2844; x_wconf 88' lang='lat' dir='ltr'><strong>ut</strong></span> <span class='ocrx_word' id='word_1_263' title='bbox 1354 2816 1472 2856; x_wconf 88' lang='lat' dir='ltr'><strong>postca</strong></span> <span class='ocrx_word' id='word_1_264' title='bbox 1490 2811 1580 2857; x_wconf 83' lang='lat' dir='ltr'><strong>typis</strong></span> 
     </span>
     <span class='ocr_line' id='line_1_33' title="bbox 95 2869 1581 2923; baseline 0.001 -15"><span class='ocrx_word' id='word_1_265' title='bbox 95 2869 310 2908; x_wconf 84' lang='lat' dir='ltr'><strong>demandatae</strong></span> <span class='ocrx_word' id='word_1_266' title='bbox 336 2874 460 2920; x_wconf 90' lang='lat' dir='ltr'><strong>publici</strong></span> <span class='ocrx_word' id='word_1_267' title='bbox 482 2874 571 2920; x_wconf 89' lang='lat' dir='ltr'><strong>juris</strong></span> <span class='ocrx_word' id='word_1_268' title='bbox 598 2875 688 2911; x_wconf 84' lang='lat' dir='ltr'><strong>fiant.</strong></span> <span class='ocrx_word' id='word_1_269' title='bbox 727 2877 839 2923; x_wconf 88' lang='lat' dir='ltr'><strong>Atque</strong></span> <span class='ocrx_word' id='word_1_270' title='bbox 867 2876 953 2910; x_wconf 88' lang='lat' dir='ltr'><strong>haud</strong></span> <span class='ocrx_word' id='word_1_271' title='bbox 983 2877 1051 2910; x_wconf 89' lang='lat' dir='ltr'><strong>seio</strong></span> <span class='ocrx_word' id='word_1_272' title='bbox 1074 2888 1112 2910; x_wconf 85' lang='lat' dir='ltr'><strong>an</strong></span> <span class='ocrx_word' id='word_1_273' title='bbox 1127 2875 1196 2921; x_wconf 86' lang='lat' dir='ltr'><strong>jam</strong></span> <span class='ocrx_word' id='word_1_274' title='bbox 1217 2876 1380 2923; x_wconf 80' lang='lat' dir='ltr'><strong>prodierit</strong></span> <span class='ocrx_word' id='word_1_275' title='bbox 1397 2887 1432 2910; x_wconf 86' lang='lat' dir='ltr'><strong>ac</strong></span> <span class='ocrx_word' id='word_1_276' title='bbox 1451 2880 1581 2922; x_wconf 87' lang='lat' dir='ltr'><strong>prostet</strong></span> 
     </span>
     <span class='ocr_line' id='line_1_34' title="bbox 93 2939 468 2976; baseline -0.003 0"><span class='ocrx_word' id='word_1_277' title='bbox 93 2939 222 2976; x_wconf 81' lang='lat' dir='ltr'><strong>venalis</strong></span> <span class='ocrx_word' id='word_1_278' title='bbox 249 2941 313 2976; x_wconf 86' lang='lat' dir='ltr'><strong>ista</strong></span> <span class='ocrx_word' id='word_1_279' title='bbox 340 2941 468 2976; x_wconf 86' lang='lat' dir='ltr'><strong>concio.</strong></span> 
     </span>
    </p>
   </div>
  </div>
 </body>
</html>
