1867 3301
946 194 1013 224 th

1647 267 1721 291 rac..

240 313 302 356 Qui
322 314 490 349 Matthaeo
519 314 728 360 objiciuntur
754 327 896 357 errores,
925 329 983 351 eos
1010 316 1155 351 fortasse
1181 318 1353 364 interpreti
1373 319 1497 353 Graeco
1518 320 1629 354 deberi
1680 320 1722 355 15

236 386 482 420 Masorethicus
501 387 635 421 Veteris
656 387 865 421 Testamenti
887 387 1020 421 Textus
1047 400 1136 422 mera
1163 389 1341 424 traditione
1368 391 1521 424 innititur
1564 417 1571 424 .
1622 418 1628 424 .
1679 390 1723 426 17

238 456 305 490 Ista
332 458 466 492 traditio
495 469 537 492 ex
564 458 812 504 antiquioribus
840 458 935 492 libris
962 459 1203 504 compilabatur
1218 487 1628 494 ........
1679 460 1724 496 18

236 527 424 574 Relligiosa
444 529 576 563 Veteris
598 529 808 564 Testamenti
836 529 985 564 Medulla
1011 531 1043 564 in
1070 530 1156 565 libro
1183 533 1330 566 Jashar
1356 533 1588 567 continebatur
1622 558 1628 564 .
1681 530 1723 566 19

861 653 1015 692 CAPIT.
1048 654 1107 691 tv.

236 742 328 776 Duae
357 742 529 776 dumtaxat
555 743 648 778 Libri
674 743 852 778 Jasharani
880 745 1054 780 citationes
1102 772 1628 779 ..........
1677 745 1724 781 20

235 813 356 847 Variae
385 815 560 859 opiniones
589 815 629 849 de
655 815 747 849 Libri
777 814 874 849 titulo
927 843 932 848 .
984 842 990 848 .
1032 820 1035 821 ’
1043 843 1627 850 ...........
1678 816 1724 851 20

235 885 347 918 Voces
375 887 462 944 Ἶῐᾷζ
486 892 517 919 et
544 892 643 948 '7773
670 887 738 921 fere
765 898 977 933 synonymae
1044 914 1627 922 ...........
1677 887 1721 923 21

238 955 408 990 Israelitas
435 962 575 991 vocatos
603 969 677 992 esse
704 959 894 992 catervatim
923 959 1010 1016 Ἶῐᾷξ
1046 984 1627 992 ...........
1677 958 1724 993 22

237 1026 328 1061 Idem
358 1033 489 1061 constat
516 1028 554 1062 de
581 1030 717 1063 nomine
745 1030 861 1091 ῖηῆῐζῖῆ
875 1054 1630 1062 ..............
1680 1028 1725 1064 23

236 1098 365 1132 Nomen
393 1086 536 1150 ᾖΝἾΨἹ
564 1100 603 1133 ad
629 1100 772 1134 radicem
796 1101 886 1157 ἾΨῚΤ
906 1099 958 1134 vel
986 1101 1086 1157 Ἶῐζῖδ
1113 1099 1324 1134 referendum
1353 1111 1426 1134 esse
1449 1127 1454 1132 .
1508 1126 1513 1132 .
1565 1127 1571 1132 .
1623 1127 1628 1133 .
1679 1098 1724 1134 23

236 1169 338 1204 Liber
364 1173 452 1229 Ἶῑτῃὶ
470 1144 585 1216 Tqualis
613 1171 714 1205 fuerit
740 1183 782 1205 ex
808 1172 840 1205 vi
866 1170 1023 1205 termini?
1047 1196 1629 1204 ...........
1679 1169 1725 1205 24

872 1294 1026 1332 CAPIT.
1053 1293 1098 1330 V.

237 1383 335 1418 Felix
361 1383 590 1418 Israelitarum
619 1389 728 1418 status
753 1390 913 1431 regnante
941 1385 1128 1419 Solomone
1162 1409 1629 1417 .........
1679 1381 1723 1417 25

236 1455 382 1489 Litteras
410 1461 442 1489 et
467 1454 678 1501 relligionem
706 1461 784 1489 tunc
810 1457 971 1501 temporis
999 1456 1150 1502 viguisse
1165 1480 1629 1487 .........
1679 1452 1725 1487 26

239 1525 387 1567 Quanam
416 1528 545 1561 ratione
573 1527 705 1561 ostendi
733 1528 843 1573 possit
868 1529 1004 1561 librum
1021 1529 1231 1561 Probitatz's
1257 1525 1444 1560 Solomone
1470 1531 1630 1570 regnante

286 1598 411 1631 editum
440 1598 538 1632 esse?
583 1622 1630 1632 ...................
1679 1594 1725 1630 26

237 1668 381 1703 Ubinam
408 1668 533 1703 lateant
558 1669 698 1713 disjecta
726 1669 800 1703 libri
826 1670 1004 1703 Jasharani
1031 1669 1177 1703 membra
1220 1693 1630 1701 ........
1678 1665 1725 1702 27

240 1739 374 1785 Septem
402 1739 478 1774 libri
505 1741 604 1774 istius
632 1747 740 1787 partes
761 1767 1056 1774 ......
1059 1726 1065 1728 -
1108 1765 1630 1774 ..........
1679 1737 1726 1773 28

237 1810 482 1857 Argumentum
511 1824 527 1846 a
554 1824 694 1847 numero
722 1814 910 1858 septenario
934 1836 1630 1845 .............
1680 1808 1722 1844 31

857 1936 1010 1973 CAPIT.
1037 1936 1097 1972 Vt.

238 2025 329 2060 Nihil
361 2025 498 2070 majoris
525 2027 683 2060 momenti
712 2037 784 2060 esse
812 2038 910 2072 quam
937 2028 970 2060 in
996 2028 1144 2060 intimam
1173 2025 1245 2061 S.S.
1272 2023 1548 2071 significationem
1574 2036 1631 2070 pe-

287 2103 417 2131 netrare
468 2122 1629 2131 .....................
1679 2094 1725 2130 32

238 2167 330 2202 Duas
359 2180 432 2202 esse
458 2167 711 2214 relligiosorum
740 2168 911 2202 hominum
940 2169 1120 2210 factiones,
1148 2169 1203 2213 qui
1230 2168 1346 2213 plenae
1375 2167 1631 2212 S.S.interp1·e-

291 2240 408 2272 tationi
435 2239 656 2273 adversantur
707 2263 1631 2272 .................
1679 2235 1725 2271 32

240 2310 285 2344 Ut
317 2316 436 2355 putant
469 2310 690 2352 dissidentes,
725 2311 756 2343 in
792 2322 830 2344 eo
865 2316 972 2344 tamen
1003 2310 1219 2344 consentiunt
1245 2309 1335 2354 quod
1363 2308 1570 2354 relligionem
1600 2313 1631 2342 et

287 2380 360 2415 S.S.
389 2387 603 2427 corrumpant
647 2404 1630 2415 ..................
1679 2377 1724 2414 33

241 2451 379 2486 Summa
407 2452 642 2498 philosophiae
670 2454 701 2486 in
730 2452 899 2499 theologia
926 2453 1071 2499 dignitas
1107 2475 1629 2485 ..........
1679 2448 1724 2484 34

243 2522 416 2558 Sententia
443 2523 626 2558 Clementis
653 2542 695 2547 ——
724 2526 979 2567 iynorantiam
996 2515 1127 2558 xethnici
1155 2534 1245 2565 esse,
1279 2525 1488 2565 opinionem
1514 2521 1630 2555 haere-

288 2595 363 2635 tici,
389 2598 585 2630 scientiam
613 2600 722 2629 autem
750 2606 846 2629 verae
873 2594 1041 2629 Ecclesiae
1051 2618 1629 2627 ...........
1679 2589 1725 2626 34

242 2663 445 2699 Miserabilis
472 2665 739 2700 Christianorum
767 2667 853 2699 inter
879 2677 914 2700 se
941 2666 1108 2700 dissensio
1164 2688 1629 2697 .........
1679 2660 1724 2696 34

243 2735 444 2770 Polemicam
474 2736 676 2783 theologiam
705 2748 722 2770 a
747 2736 785 2770 D.
805 2735 910 2771 Paulo
938 2737 1144 2770 interdictam
1173 2747 1246 2770 esse
1282 2758 1630 2767 .......
1679 2730 1724 2767 34

246 2806 334 2848 Quid
362 2807 463 2850 hujus
491 2809 698 2842 tractationis
726 2812 843 2841 auctor
868 2807 1091 2853 profiteatur?
1106 2830 1628 2839 ..........
1677 2801 1722 2837 35
