<?xml version="1.0" encoding="UTF-8"?>
<!DOCTYPE html PUBLIC "-//W3C//DTD XHTML 1.0 Transitional//EN"
    "http://www.w3.org/TR/xhtml1/DTD/xhtml1-transitional.dtd">
<html xmlns="http://www.w3.org/1999/xhtml" xml:lang="en" lang="en">
 <head>
  <title>
</title>
<meta http-equiv="Content-Type" content="text/html;charset=utf-8" />
  <meta name='ocr-system' content='tesseract 3.04.00' />
  <meta name='ocr-capabilities' content='ocr_page ocr_carea ocr_par ocr_line ocrx_word'/>
</head>
<body>
  <div class='ocr_page' id='page_1' title='image "./jasharfragmentaa00dona_0147.png"; bbox 0 0 1867 3301; ppageno 0'>
   <div class='ocr_carea' id='block_1_1' title="bbox 841 172 903 218">
    <p class='ocr_par' dir='ltr' id='par_1_1' title="bbox 841 172 903 218">
     <span class='ocr_line' id='line_1_1' title="bbox 841 172 903 218; baseline 0.032 -2"><span class='ocrx_word' id='word_1_1' title='bbox 841 172 903 218; x_wconf 84' lang='lat'>73</span> 
     </span>
    </p>
   </div>
   <div class='ocr_carea' id='block_1_2' title="bbox 123 307 1653 2885">
    <p class='ocr_par' dir='ltr' id='par_1_2' title="bbox 126 307 1620 1275">
     <span class='ocr_line' id='line_1_2' title="bbox 128 307 1617 359; baseline 0.003 -5"><span class='ocrx_word' id='word_1_2' title='bbox 128 314 266 354; x_wconf 81' lang='lat' dir='ltr'>minem</span> <span class='ocrx_word' id='word_1_3' title='bbox 299 325 441 353; x_wconf 84' lang='lat' dir='ltr'>vexare</span> <span class='ocrx_word' id='word_1_4' title='bbox 480 336 525 342; x_wconf 89' lang='lat'>-</span> <span class='ocrx_word' id='word_1_5' title='bbox 562 325 636 353; x_wconf 86' lang='lat' dir='ltr'>nos</span> <span class='ocrx_word' id='word_1_6' title='bbox 670 325 762 353; x_wconf 84' lang='lat' dir='ltr'>vero</span> <span class='ocrx_word' id='word_1_7' title='bbox 804 320 1026 354; x_wconf 79' lang='lat' dir='ltr'>constanter</span> <span class='ocrx_word' id='word_1_8' title='bbox 1065 307 1301 356; x_wconf 79' lang='lat' dir='ltr'>retineamus</span> <span class='ocrx_word' id='word_1_9' title='bbox 1342 330 1474 357; x_wconf 86' lang='lat' dir='ltr'>sanam</span> <span class='ocrx_word' id='word_1_10' title='bbox 1516 317 1617 359; x_wconf 86' lang='lat' dir='ltr'>illam</span> 
     </span>
     <span class='ocr_line' id='line_1_3' title="bbox 128 396 1617 452; baseline 0.003 -14"><span class='ocrx_word' id='word_1_11' title='bbox 128 406 165 438; x_wconf 89' lang='lat' dir='ltr'>et</span> <span class='ocrx_word' id='word_1_12' title='bbox 204 396 411 437; x_wconf 87' lang='lat' dir='ltr'>salutarem</span> <span class='ocrx_word' id='word_1_13' title='bbox 452 396 688 445; x_wconf 82' lang='lat' dir='ltr'>doctrinam,</span> <span class='ocrx_word' id='word_1_14' title='bbox 734 410 849 452; x_wconf 89' lang='lat' dir='ltr'>quam</span> <span class='ocrx_word' id='word_1_15' title='bbox 882 399 921 436; x_wconf 90' lang='lat' dir='ltr'>in</span> <span class='ocrx_word' id='word_1_16' title='bbox 955 399 1230 439; x_wconf 84' lang='lat' dir='ltr'>vetustissimis</span> <span class='ocrx_word' id='word_1_17' title='bbox 1262 398 1469 440; x_wconf 84' lang='lat' dir='ltr'>Jasharani</span> <span class='ocrx_word' id='word_1_18' title='bbox 1502 399 1617 443; x_wconf 82' lang='lat' dir='ltr'>libelli</span> 
     </span>
     <span class='ocr_line' id='line_1_4' title="bbox 128 479 1620 537; baseline 0.003 -16"><span class='ocrx_word' id='word_1_19' title='bbox 128 479 352 537; x_wconf 79' lang='lat' dir='ltr'>fragmentis</span> <span class='ocrx_word' id='word_1_20' title='bbox 384 480 623 529; x_wconf 80' lang='lat' dir='ltr'>invenimus,</span> <span class='ocrx_word' id='word_1_21' title='bbox 664 494 780 536; x_wconf 87' lang='lat' dir='ltr'>quam</span> <span class='ocrx_word' id='word_1_22' title='bbox 812 479 926 522; x_wconf 85' lang='lat' dir='ltr'>Jesus</span> <span class='ocrx_word' id='word_1_23' title='bbox 962 479 1144 522; x_wconf 88' lang='lat' dir='ltr'>Christus</span> <span class='ocrx_word' id='word_1_24' title='bbox 1178 480 1308 523; x_wconf 90' lang='lat' dir='ltr'>verbis</span> <span class='ocrx_word' id='word_1_25' title='bbox 1340 482 1551 525; x_wconf 79' lang='lat' dir='ltr'>declaravit</span> <span class='ocrx_word' id='word_1_26' title='bbox 1583 494 1620 526; x_wconf 85' lang='lat' dir='ltr'>et</span> 
     </span>
     <span class='ocr_line' id='line_1_5' title="bbox 127 564 1619 624; baseline 0.001 -18"><span class='ocrx_word' id='word_1_27' title='bbox 127 564 305 621; x_wconf 82' lang='lat' dir='ltr'>exemplo</span> <span class='ocrx_word' id='word_1_28' title='bbox 339 565 440 605; x_wconf 86' lang='lat' dir='ltr'>vitae</span> <span class='ocrx_word' id='word_1_29' title='bbox 473 576 566 603; x_wconf 85' lang='lat' dir='ltr'>suae</span> <span class='ocrx_word' id='word_1_30' title='bbox 599 577 641 603; x_wconf 88' lang='lat' dir='ltr'>ac</span> <span class='ocrx_word' id='word_1_31' title='bbox 672 565 810 604; x_wconf 88' lang='lat' dir='ltr'>mortis</span> <span class='ocrx_word' id='word_1_32' title='bbox 843 566 1089 620; x_wconf 77' lang='lat' dir='ltr'>perspicuam</span> <span class='ocrx_word' id='word_1_33' title='bbox 1120 565 1311 616; x_wconf 80' lang='lat' dir='ltr'>reddidit,</span> <span class='ocrx_word' id='word_1_34' title='bbox 1356 569 1472 622; x_wconf 85' lang='lat' dir='ltr'>quam</span> <span class='ocrx_word' id='word_1_35' title='bbox 1504 569 1619 624; x_wconf 89' lang='lat' dir='ltr'>primi</span> 
     </span>
     <span class='ocr_line' id='line_1_6' title="bbox 126 646 1620 707; baseline 0.003 -19"><span class='ocrx_word' id='word_1_36' title='bbox 126 647 311 704; x_wconf 87' lang='lat' dir='ltr'>Apostoli</span> <span class='ocrx_word' id='word_1_37' title='bbox 353 646 697 695; x_wconf 85' lang='lat' dir='ltr'>confirmaverunt,</span> <span class='ocrx_word' id='word_1_38' title='bbox 742 661 858 703; x_wconf 87' lang='lat' dir='ltr'>quam</span> <span class='ocrx_word' id='word_1_39' title='bbox 899 647 1066 703; x_wconf 85' lang='lat' dir='ltr'>denique</span> <span class='ocrx_word' id='word_1_40' title='bbox 1104 647 1274 690; x_wconf 78' lang='lat' dir='ltr'>Ecclesia</span> <span class='ocrx_word' id='word_1_41' title='bbox 1313 658 1451 692; x_wconf 87' lang='lat' dir='ltr'>nostra</span> <span class='ocrx_word' id='word_1_42' title='bbox 1480 649 1620 707; x_wconf 81' lang='lat' dir='ltr'>Angli-</span> 
     </span>
     <span class='ocr_line' id='line_1_7' title="bbox 127 730 1618 790; baseline 0.002 -18"><span class='ocrx_word' id='word_1_43' title='bbox 127 746 220 772; x_wconf 85' lang='lat' dir='ltr'>cana</span> <span class='ocrx_word' id='word_1_44' title='bbox 251 733 290 771; x_wconf 92' lang='lat' dir='ltr'>in</span> <span class='ocrx_word' id='word_1_45' title='bbox 322 744 428 772; x_wconf 89' lang='lat' dir='ltr'>nono</span> <span class='ocrx_word' id='word_1_46' title='bbox 463 730 626 771; x_wconf 85' lang='lat' dir='ltr'>articulo</span> <span class='ocrx_word' id='word_1_47' title='bbox 665 744 805 787; x_wconf 61' lang='lat' dir='ltr'>presse&gt;</span> <span class='ocrx_word' id='word_1_48' title='bbox 831 744 874 771; x_wconf 91' lang='lat' dir='ltr'>ac</span> <span class='ocrx_word' id='word_1_49' title='bbox 905 733 1077 786; x_wconf 85' lang='lat' dir='ltr'>praecise-</span> <span class='ocrx_word' id='word_1_50' title='bbox 1112 735 1299 788; x_wconf 83' lang='lat' dir='ltr'>exposuit</span> <span class='ocrx_word' id='word_1_51' title='bbox 1336 758 1382 764; x_wconf 86' lang='lat'>—-</span> <span class='ocrx_word' id='word_1_52' title='bbox 1418 742 1618 790; x_wconf 85' lang='lat' dir='ltr'>peccatum</span> 
     </span>
     <span class='ocr_line' id='line_1_8' title="bbox 127 813 1618 872; baseline 0.003 -17"><span class='ocrx_word' id='word_1_53' title='bbox 127 816 287 871; x_wconf 89' lang='lat' dir='ltr'>originis</span> <span class='ocrx_word' id='word_1_54' title='bbox 321 828 404 855; x_wconf 90' lang='lat' dir='ltr'>esse</span> <span class='ocrx_word' id='word_1_55' title='bbox 436 815 576 855; x_wconf 89' lang='lat' dir='ltr'>vitium</span> <span class='ocrx_word' id='word_1_56' title='bbox 609 822 646 855; x_wconf 86' lang='lat' dir='ltr'>et</span> <span class='ocrx_word' id='word_1_57' title='bbox 678 813 997 870; x_wconf 81' lang='lat' dir='ltr'>depravationem</span> <span class='ocrx_word' id='word_1_58' title='bbox 1030 823 1193 856; x_wconf 85' lang='lat' dir='ltr'>naturae</span> <span class='ocrx_word' id='word_1_59' title='bbox 1216 816 1425 872; x_wconf 90' lang='lat' dir='ltr'>cujuslibet</span> <span class='ocrx_word' id='word_1_60' title='bbox 1447 817 1618 860; x_wconf 85' lang='lat' dir='ltr'>hominis</span> 
     </span>
     <span class='ocr_line' id='line_1_9' title="bbox 126 897 1620 958; baseline 0.004 -20"><span class='ocrx_word' id='word_1_61' title='bbox 126 913 175 939; x_wconf 78' lang='lat' dir='ltr'>ex</span> <span class='ocrx_word' id='word_1_62' title='bbox 205 897 359 939; x_wconf 88' lang='lat' dir='ltr'>Adamo</span> <span class='ocrx_word' id='word_1_63' title='bbox 401 897 630 939; x_wconf 81' lang='lat' dir='ltr'>naturaliter</span> <span class='ocrx_word' id='word_1_64' title='bbox 670 900 899 955; x_wconf 87' lang='lat' dir='ltr'>propagati,</span> <span class='ocrx_word' id='word_1_65' title='bbox 944 913 1020 955; x_wconf 86' lang='lat' dir='ltr'>qua</span> <span class='ocrx_word' id='word_1_66' title='bbox 1061 899 1129 941; x_wconf 90' lang='lat' dir='ltr'>fiat</span> <span class='ocrx_word' id='word_1_67' title='bbox 1161 907 1205 941; x_wconf 88' lang='lat' dir='ltr'>ut</span> <span class='ocrx_word' id='word_1_68' title='bbox 1238 914 1333 941; x_wconf 73' lang='lat' dir='ltr'>caro</span> <span class='ocrx_word' id='word_1_69' title='bbox 1368 915 1520 958; x_wconf 84' lang='lat' dir='ltr'>semper</span> <span class='ocrx_word' id='word_1_70' title='bbox 1551 902 1620 945; x_wconf 84' lang='lat' dir='ltr'>ad-</span> 
     </span>
     <span class='ocr_line' id='line_1_10' title="bbox 127 982 1620 1041; baseline 0.003 -19"><span class='ocrx_word' id='word_1_71' title='bbox 127 997 262 1024; x_wconf 84' lang='lat' dir='ltr'>versus</span> <span class='ocrx_word' id='word_1_72' title='bbox 293 983 483 1038; x_wconf 77' lang='lat' dir='ltr'>spiritum</span> <span class='ocrx_word' id='word_1_73' title='bbox 515 983 783 1037; x_wconf 85' lang='lat' dir='ltr'>concupiscat,</span> <span class='ocrx_word' id='word_1_74' title='bbox 819 990 934 1039; x_wconf 83' lang='lat' dir='ltr'>atque</span> <span class='ocrx_word' id='word_1_75' title='bbox 967 992 1013 1024; x_wconf 93' lang='lat' dir='ltr'>ut</span> <span class='ocrx_word' id='word_1_76' title='bbox 1044 982 1203 1025; x_wconf 81' lang='lat' dir='ltr'>affectus</span> <span class='ocrx_word' id='word_1_77' title='bbox 1238 985 1374 1025; x_wconf 75' lang='lat' dir='ltr'>carnis·</span> <span class='ocrx_word' id='word_1_78' title='bbox 1398 982 1620 1041; x_wconf 76' lang='grc' dir='ltr'><em>(φρόνημα</em></span> 
     </span>
     <span class='ocr_line' id='line_1_11' title="bbox 127 1064 1617 1125; baseline 0.004 -20"><span class='ocrx_word' id='word_1_79' title='bbox 127 1064 304 1120; x_wconf 84' lang='grc' dir='ltr'><em>σαρκός)</em></span> <span class='ocrx_word' id='word_1_80' title='bbox 337 1066 412 1122; x_wconf 84' lang='lat' dir='ltr'>legi</span> <span class='ocrx_word' id='word_1_81' title='bbox 444 1065 515 1106; x_wconf 88' lang='lat' dir='ltr'>Dei</span> <span class='ocrx_word' id='word_1_82' title='bbox 548 1080 629 1107; x_wconf 91' lang='lat' dir='ltr'>non</span> <span class='ocrx_word' id='word_1_83' title='bbox 662 1064 916 1121; x_wconf 85' lang='lat' dir='ltr'>subjiciatur;</span> <span class='ocrx_word' id='word_1_84' title='bbox 958 1081 1057 1123; x_wconf 90' lang='lat' dir='ltr'>quae</span> <span class='ocrx_word' id='word_1_85' title='bbox 1090 1067 1249 1123; x_wconf 86' lang='lat' dir='ltr'>quidem</span> <span class='ocrx_word' id='word_1_86' title='bbox 1281 1069 1617 1125; x_wconf 62' lang='lat' dir='ltr'>concupiscentia,</span> 
     </span>
     <span class='ocr_line' id='line_1_12' title="bbox 126 1148 1619 1210; baseline 0.003 -20"><span class='ocrx_word' id='word_1_87' title='bbox 126 1152 239 1191; x_wconf 80' lang='lat' dir='ltr'>etiam</span> <span class='ocrx_word' id='word_1_88' title='bbox 271 1151 311 1190; x_wconf 88' lang='lat' dir='ltr'>in</span> <span class='ocrx_word' id='word_1_89' title='bbox 335 1148 560 1191; x_wconf 88' lang='lat' dir='ltr'>Christiano</span> <span class='ocrx_word' id='word_1_90' title='bbox 596 1149 771 1199; x_wconf 91' lang='lat' dir='ltr'>homine,</span> <span class='ocrx_word' id='word_1_91' title='bbox 807 1152 950 1206; x_wconf 82' lang='lat' dir='ltr'>peccati</span> <span class='ocrx_word' id='word_1_92' title='bbox 985 1152 1024 1192; x_wconf 93' lang='lat' dir='ltr'>in</span> <span class='ocrx_word' id='word_1_93' title='bbox 1057 1165 1140 1193; x_wconf 89' lang='lat' dir='ltr'>sese</span> <span class='ocrx_word' id='word_1_94' title='bbox 1171 1154 1363 1194; x_wconf 86' lang='lat' dir='ltr'>rationem</span> <span class='ocrx_word' id='word_1_95' title='bbox 1396 1167 1548 1210; x_wconf 86' lang='lat' dir='ltr'>semper</span> <span class='ocrx_word' id='word_1_96' title='bbox 1569 1155 1619 1195; x_wconf 87' lang='lat' dir='ltr'>sit</span> 
     </span>
     <span class='ocr_line' id='line_1_13' title="bbox 126 1232 318 1275; baseline 0 -2"><span class='ocrx_word' id='word_1_97' title='bbox 126 1232 318 1275; x_wconf 83' lang='lat' dir='ltr'>habitura.</span> 
     </span>
    </p>

    <p class='ocr_par' dir='ltr' id='par_1_3' title="bbox 123 1315 1653 2885">
     <span class='ocr_line' id='line_1_14' title="bbox 245 1315 1619 1375; baseline 0.003 -17"><span class='ocrx_word' id='word_1_98' title='bbox 245 1315 446 1365; x_wconf 87' lang='lat' dir='ltr'>Ceterum,</span> <span class='ocrx_word' id='word_1_99' title='bbox 481 1325 526 1358; x_wconf 89' lang='lat' dir='ltr'>ut</span> <span class='ocrx_word' id='word_1_100' title='bbox 557 1316 741 1358; x_wconf 85' lang='lat' dir='ltr'>conclusa</span> <span class='ocrx_word' id='word_1_101' title='bbox 774 1319 825 1357; x_wconf 86' lang='lat' dir='ltr'>sit</span> <span class='ocrx_word' id='word_1_102' title='bbox 856 1317 1015 1359; x_wconf 86' lang='lat' dir='ltr'>alterius</span> <span class='ocrx_word' id='word_1_103' title='bbox 1037 1318 1068 1359; x_wconf 83' lang='lat' dir='ltr'><strong>F</strong></span> <span class='ocrx_word' id='word_1_104' title='bbox 1071 1321 1262 1375; x_wconf 75' lang='lat' dir='ltr'>rag-menti</span> <span class='ocrx_word' id='word_1_105' title='bbox 1283 1322 1490 1370; x_wconf 83' lang='lat' dir='ltr'>enarratio,</span> <span class='ocrx_word' id='word_1_106' title='bbox 1526 1335 1619 1362; x_wconf 91' lang='lat' dir='ltr'>con-</span> 
     </span>
     <span class='ocr_line' id='line_1_15' title="bbox 125 1399 1616 1457; baseline 0.003 -15"><span class='ocrx_word' id='word_1_107' title='bbox 125 1401 338 1444; x_wconf 84' lang='lat' dir='ltr'>sideremus</span> <span class='ocrx_word' id='word_1_108' title='bbox 380 1415 444 1450; x_wconf 87' lang='lat' dir='ltr'>ea,</span> <span class='ocrx_word' id='word_1_109' title='bbox 488 1414 587 1457; x_wconf 86' lang='lat' dir='ltr'>quae</span> <span class='ocrx_word' id='word_1_110' title='bbox 624 1399 670 1442; x_wconf 90' lang='lat' dir='ltr'>de</span> <span class='ocrx_word' id='word_1_111' title='bbox 704 1400 842 1442; x_wconf 81' lang='lat' dir='ltr'>exsilio</span> <span class='ocrx_word' id='word_1_112' title='bbox 875 1401 1217 1457; x_wconf 82' lang='lat' dir='ltr'>protoplastorum</span> <span class='ocrx_word' id='word_1_113' title='bbox 1250 1413 1616 1447; x_wconf 79' lang='lat' dir='ltr'>commemorantur.</span> 
     </span>
     <span class='ocr_line' id='line_1_16' title="bbox 127 1483 1618 1543; baseline 0.001 -15"><span class='ocrx_word' id='word_1_114' title='bbox 127 1485 269 1528; x_wconf 80' lang='lat' dir='ltr'>Omnes</span> <span class='ocrx_word' id='word_1_115' title='bbox 302 1485 480 1526; x_wconf 83' lang='lat' dir='ltr'>homines</span> <span class='ocrx_word' id='word_1_116' title='bbox 513 1483 686 1540; x_wconf 88' lang='lat' dir='ltr'>ejusdem</span> <span class='ocrx_word' id='word_1_117' title='bbox 718 1487 927 1541; x_wconf 85' lang='lat' dir='ltr'>prosapiae</span> <span class='ocrx_word' id='word_1_118' title='bbox 961 1499 1063 1536; x_wconf 89' lang='lat' dir='ltr'>esse,</span> <span class='ocrx_word' id='word_1_119' title='bbox 1098 1494 1214 1543; x_wconf 87' lang='lat' dir='ltr'>atque</span> <span class='ocrx_word' id='word_1_120' title='bbox 1247 1486 1297 1528; x_wconf 86' lang='lat' dir='ltr'>ad</span> <span class='ocrx_word' id='word_1_121' title='bbox 1321 1501 1436 1528; x_wconf 86' lang='lat' dir='ltr'>unam</span> <span class='ocrx_word' id='word_1_122' title='bbox 1458 1487 1618 1530; x_wconf 88' lang='lat' dir='ltr'>domum</span> 
     </span>
     <span class='ocr_line' id='line_1_17' title="bbox 125 1567 1618 1628; baseline 0.002 -17"><span class='ocrx_word' id='word_1_123' title='bbox 125 1579 161 1611; x_wconf 85' lang='lat' dir='ltr'>et</span> <span class='ocrx_word' id='word_1_124' title='bbox 192 1571 357 1626; x_wconf 86' lang='lat' dir='ltr'>patriam</span> <span class='ocrx_word' id='word_1_125' title='bbox 389 1567 627 1618; x_wconf 86' lang='lat' dir='ltr'>referendos,</span> <span class='ocrx_word' id='word_1_126' title='bbox 663 1570 875 1625; x_wconf 88' lang='lat' dir='ltr'>quinetiam</span> <span class='ocrx_word' id='word_1_127' title='bbox 898 1569 1124 1611; x_wconf 84' lang='lat' dir='ltr'>Armeniam</span> <span class='ocrx_word' id='word_1_128' title='bbox 1157 1569 1277 1611; x_wconf 87' lang='lat' dir='ltr'>fuisse</span> <span class='ocrx_word' id='word_1_129' title='bbox 1304 1572 1470 1628; x_wconf 86' lang='lat' dir='ltr'>primam</span> <span class='ocrx_word' id='word_1_130' title='bbox 1493 1575 1618 1614; x_wconf 87' lang='lat' dir='ltr'>nostri</span> 
     </span>
     <span class='ocr_line' id='line_1_18' title="bbox 123 1651 1616 1711; baseline 0.002 -16"><span class='ocrx_word' id='word_1_131' title='bbox 123 1654 276 1711; x_wconf 84' lang='lat' dir='ltr'>generis</span> <span class='ocrx_word' id='word_1_132' title='bbox 309 1652 438 1695; x_wconf 88' lang='lat' dir='ltr'>sedem</span> <span class='ocrx_word' id='word_1_133' title='bbox 471 1667 515 1693; x_wconf 87' lang='lat' dir='ltr'>ae</span> <span class='ocrx_word' id='word_1_134' title='bbox 547 1651 806 1703; x_wconf 89' lang='lat' dir='ltr'>domicilium,</span> <span class='ocrx_word' id='word_1_135' title='bbox 842 1653 1020 1710; x_wconf 86' lang='lat' dir='ltr'>equidem</span> <span class='ocrx_word' id='word_1_136' title='bbox 1054 1662 1092 1695; x_wconf 89' lang='lat' dir='ltr'>et</span> <span class='ocrx_word' id='word_1_137' title='bbox 1123 1662 1212 1696; x_wconf 88' lang='lat' dir='ltr'>ante</span> <span class='ocrx_word' id='word_1_138' title='bbox 1243 1654 1339 1695; x_wconf 91' lang='lat' dir='ltr'>mihi</span> <span class='ocrx_word' id='word_1_139' title='bbox 1360 1655 1498 1697; x_wconf 86' lang='lat' dir='ltr'>videor</span> <span class='ocrx_word' id='word_1_140' title='bbox 1524 1659 1616 1698; x_wconf 77' lang='lat' dir='ltr'>satis</span> 
     </span>
     <span class='ocr_line' id='line_1_19' title="bbox 126 1733 1618 1793; baseline 0.003 -15"><span class='ocrx_word' id='word_1_141' title='bbox 126 1736 412 1779; x_wconf 86' lang='lat' dir='ltr'>demonstrasse</span> <span class='ocrx_word' id='word_1_142' title='bbox 447 1733 570 1789; x_wconf 84' lang='lat' dir='ltr'>(New</span> <span class='ocrx_word' id='word_1_143' title='bbox 599 1735 784 1793; x_wconf 71' lang='lat' dir='ltr'>Cratylus</span> <span class='ocrx_word' id='word_1_144' title='bbox 819 1734 958 1791; x_wconf 74' lang='lat'>§64).</span> <span class='ocrx_word' id='word_1_145' title='bbox 1025 1736 1224 1791; x_wconf 75' lang='lat' dir='ltr'>Quattuor</span> <span class='ocrx_word' id='word_1_146' title='bbox 1262 1739 1326 1779; x_wconf 89' lang='lat' dir='ltr'>illa</span> <span class='ocrx_word' id='word_1_147' title='bbox 1356 1738 1502 1781; x_wconf 88' lang='lat' dir='ltr'>Edenis</span> <span class='ocrx_word' id='word_1_148' title='bbox 1543 1739 1618 1782; x_wconf 87' lang='lat' dir='ltr'>flu-</span> 
     </span>
     <span class='ocr_line' id='line_1_20' title="bbox 124 1818 1617 1879; baseline 0.002 -17"><span class='ocrx_word' id='word_1_149' title='bbox 124 1823 247 1871; x_wconf 86' lang='lat' dir='ltr'>mina,</span> <span class='ocrx_word' id='word_1_150' title='bbox 288 1835 387 1877; x_wconf 89' lang='lat' dir='ltr'>quae</span> <span class='ocrx_word' id='word_1_151' title='bbox 419 1822 460 1861; x_wconf 92' lang='lat' dir='ltr'>in</span> <span class='ocrx_word' id='word_1_152' title='bbox 494 1818 589 1861; x_wconf 86' lang='lat' dir='ltr'>Gen.</span> <span class='ocrx_word' id='word_1_153' title='bbox 620 1820 672 1869; x_wconf 91' lang='lat' dir='ltr'>II,</span> <span class='ocrx_word' id='word_1_154' title='bbox 708 1819 761 1862; x_wconf 89' lang='lat'>10</span> <span class='ocrx_word' id='word_1_155' title='bbox 787 1835 872 1878; x_wconf 89' lang='lat' dir='ltr'>sqq.</span> <span class='ocrx_word' id='word_1_156' title='bbox 908 1830 1203 1873; x_wconf 85' lang='lat' dir='ltr'>enumerantur,</span> <span class='ocrx_word' id='word_1_157' title='bbox 1248 1837 1426 1879; x_wconf 87' lang='lat' dir='ltr'>quaeque</span> <span class='ocrx_word' id='word_1_158' title='bbox 1459 1838 1507 1865; x_wconf 84' lang='lat' dir='ltr'>ex</span> <span class='ocrx_word' id='word_1_159' title='bbox 1538 1839 1617 1865; x_wconf 84' lang='lat' dir='ltr'>una</span> 
     </span>
     <span class='ocr_line' id='line_1_21' title="bbox 125 1899 1653 1962; baseline 0.003 -17"><span class='ocrx_word' id='word_1_160' title='bbox 125 1919 314 1962; x_wconf 85' lang='lat' dir='ltr'>aquarum</span> <span class='ocrx_word' id='word_1_161' title='bbox 356 1904 521 1945; x_wconf 81' lang='lat' dir='ltr'>colluvie</span> <span class='ocrx_word' id='word_1_162' title='bbox 564 1899 665 1956; x_wconf 91' lang='lat' dir='ltr'>(hoc</span> <span class='ocrx_word' id='word_1_163' title='bbox 707 1912 783 1954; x_wconf 89' lang='lat' dir='ltr'>est,</span> <span class='ocrx_word' id='word_1_164' title='bbox 826 1920 845 1946; x_wconf 89' lang='lat' dir='ltr'>e</span> <span class='ocrx_word' id='word_1_165' title='bbox 883 1908 980 1947; x_wconf 85' lang='lat' dir='ltr'>mari</span> <span class='ocrx_word' id='word_1_166' title='bbox 1014 1902 1205 1962; x_wconf 87' lang='lat' dir='ltr'>Caspio),</span> <span class='ocrx_word' id='word_1_167' title='bbox 1247 1908 1446 1948; x_wconf 85' lang='lat' dir='ltr'>manantia</span> <span class='ocrx_word' id='word_1_168' title='bbox 1479 1907 1538 1949; x_wconf 85' lang='lat' dir='ltr'>vel</span> <span class='ocrx_word' id='word_1_169' title='bbox 1579 1910 1618 1949; x_wconf 92' lang='lat' dir='ltr'>in</span> <span class='ocrx_word' id='word_1_170' title='bbox 1650 1919 1653 1923; x_wconf 85' lang='lat'>·</span> 
     </span>
     <span class='ocr_line' id='line_1_22' title="bbox 125 1988 1619 2047; baseline 0 -16"><span class='ocrx_word' id='word_1_171' title='bbox 125 2004 207 2031; x_wconf 88' lang='lat' dir='ltr'>eam</span> <span class='ocrx_word' id='word_1_172' title='bbox 238 1991 422 2030; x_wconf 80' lang='lat' dir='ltr'>exeuntia</span> <span class='ocrx_word' id='word_1_173' title='bbox 454 1990 493 2029; x_wconf 90' lang='lat' dir='ltr'>in</span> <span class='ocrx_word' id='word_1_174' title='bbox 521 1994 710 2045; x_wconf 87' lang='lat' dir='ltr'>quattuor</span> <span class='ocrx_word' id='word_1_175' title='bbox 743 1990 869 2045; x_wconf 86' lang='lat' dir='ltr'>capita</span> <span class='ocrx_word' id='word_1_176' title='bbox 897 1988 1159 2040; x_wconf 88' lang='lat' dir='ltr'>findebantur,</span> <span class='ocrx_word' id='word_1_177' title='bbox 1194 1991 1276 2031; x_wconf 88' lang='lat' dir='ltr'>sine</span> <span class='ocrx_word' id='word_1_178' title='bbox 1299 1989 1421 2031; x_wconf 89' lang='lat' dir='ltr'>dubio</span> <span class='ocrx_word' id='word_1_179' title='bbox 1442 1999 1619 2047; x_wconf 85' lang='lat' dir='ltr'>spectant</span> 
     </span>
     <span class='ocr_line' id='line_1_23' title="bbox 126 2066 1614 2139; baseline 0.003 -26"><span class='ocrx_word' id='word_1_180' title='bbox 126 2072 175 2114; x_wconf 89' lang='lat' dir='ltr'>ad</span> <span class='ocrx_word' id='word_1_181' title='bbox 204 2072 349 2114; x_wconf 84' lang='lat' dir='ltr'>fluvios</span> <span class='ocrx_word' id='word_1_182' title='bbox 381 2071 552 2127; x_wconf 71' lang='lat' dir='ltr'>Volyam</span> <span class='ocrx_word' id='word_1_183' title='bbox 583 2066 767 2137; x_wconf 62' lang='grc' dir='ltr'>(ῘἹῙΒἮ)</span> <span class='ocrx_word' id='word_1_184' title='bbox 801 2080 838 2113; x_wconf 87' lang='lat' dir='ltr'>et</span> <span class='ocrx_word' id='word_1_185' title='bbox 869 2070 1006 2113; x_wconf 67' lang='lat' dir='ltr'>Ocnum</span> <span class='ocrx_word' id='word_1_186' title='bbox 1037 2067 1218 2139; x_wconf 52' lang='lat' dir='ltr'>(tiffizt),</span> <span class='ocrx_word' id='word_1_187' title='bbox 1253 2075 1321 2130; x_wconf 90' lang='lat' dir='ltr'>qui</span> <span class='ocrx_word' id='word_1_188' title='bbox 1354 2073 1614 2119; x_wconf 71' lang='lat' dir='ltr'>decurrentes.</span> 
     </span>
     <span class='ocr_line' id='line_1_24' title="bbox 125 2153 1616 2214; baseline 0.001 -17"><span class='ocrx_word' id='word_1_189' title='bbox 125 2156 187 2198; x_wconf 90' lang='lat' dir='ltr'>ille</span> <span class='ocrx_word' id='word_1_190' title='bbox 229 2155 276 2197; x_wconf 88' lang='lat' dir='ltr'>ab</span> <span class='ocrx_word' id='word_1_191' title='bbox 318 2154 495 2197; x_wconf 85' lang='lat' dir='ltr'>auriferis</span> <span class='ocrx_word' id='word_1_192' title='bbox 531 2153 715 2196; x_wconf 88' lang='lat' dir='ltr'>Chavilae</span> <span class='ocrx_word' id='word_1_193' title='bbox 749 2155 809 2196; x_wconf 84' lang='lat' dir='ltr'>vel</span> <span class='ocrx_word' id='word_1_194' title='bbox 840 2155 1142 2213; x_wconf 77' lang='lat' dir='ltr'>Arimasporui&#39;n</span> <span class='ocrx_word' id='word_1_195' title='bbox 1182 2156 1431 2214; x_wconf 79' lang='lat' dir='ltr'>regionibus,</span> <span class='ocrx_word' id='word_1_196' title='bbox 1474 2158 1536 2200; x_wconf 92' lang='lat' dir='ltr'>hic</span> <span class='ocrx_word' id='word_1_197' title='bbox 1568 2157 1616 2200; x_wconf 86' lang='lat' dir='ltr'>ab</span> 
     </span>
     <span class='ocr_line' id='line_1_25' title="bbox 126 2238 1619 2298; baseline 0.001 -16"><span class='ocrx_word' id='word_1_198' title='bbox 126 2238 495 2297; x_wconf 81' lang='lat' dir='ltr'>septentrionalibus</span> <span class='ocrx_word' id='word_1_199' title='bbox 518 2239 649 2280; x_wconf 90' lang='lat' dir='ltr'>Indiae</span> <span class='ocrx_word' id='word_1_200' title='bbox 681 2239 874 2296; x_wconf 81' lang='lat' dir='ltr'>partibuS,</span> <span class='ocrx_word' id='word_1_201' title='bbox 909 2242 947 2281; x_wconf 88' lang='lat' dir='ltr'>in</span> <span class='ocrx_word' id='word_1_202' title='bbox 973 2239 1160 2298; x_wconf 87' lang='lat' dir='ltr'>Caspium</span> <span class='ocrx_word' id='word_1_203' title='bbox 1183 2241 1374 2292; x_wconf 88' lang='lat' dir='ltr'>influunt,</span> <span class='ocrx_word' id='word_1_204' title='bbox 1411 2251 1449 2283; x_wconf 90' lang='lat' dir='ltr'>et</span> <span class='ocrx_word' id='word_1_205' title='bbox 1474 2242 1523 2284; x_wconf 88' lang='lat' dir='ltr'>ad</span> <span class='ocrx_word' id='word_1_206' title='bbox 1543 2243 1619 2284; x_wconf 44' lang='lat' dir='ltr'>fluo</span> 
     </span>
     <span class='ocr_line' id='line_1_26' title="bbox 127 2306 1616 2393; baseline 0.001 -27"><span class='ocrx_word' id='word_1_207' title='bbox 127 2327 212 2366; x_wconf 88' lang='lat' dir='ltr'>vios</span> <span class='ocrx_word' id='word_1_208' title='bbox 238 2324 446 2379; x_wconf 67' lang='lat' dir='ltr'>Tiyridem</span> <span class='ocrx_word' id='word_1_209' title='bbox 470 2306 662 2392; x_wconf 55' lang='grc' dir='ltr'>(ιἿΕἾΠ)</span> <span class='ocrx_word' id='word_1_210' title='bbox 692 2332 729 2364; x_wconf 92' lang='lat' dir='ltr'>et</span> <span class='ocrx_word' id='word_1_211' title='bbox 749 2321 1011 2379; x_wconf 67' lang='lat' dir='ltr'>Euphratem</span> <span class='ocrx_word' id='word_1_212' title='bbox 1033 2321 1207 2393; x_wconf 49' lang='grc' dir='ltr'>(ῙῪΤἾΞ),</span> <span class='ocrx_word' id='word_1_213' title='bbox 1244 2327 1311 2383; x_wconf 88' lang='lat' dir='ltr'>qui</span> <span class='ocrx_word' id='word_1_214' title='bbox 1343 2328 1381 2367; x_wconf 90' lang='lat' dir='ltr'>in</span> <span class='ocrx_word' id='word_1_215' title='bbox 1414 2326 1616 2368; x_wconf 82' lang='lat' dir='ltr'>montibus</span> 
     </span>
     <span class='ocr_line' id='line_1_27' title="bbox 125 2389 1616 2466; baseline 0.001 -16"><span class='ocrx_word' id='word_1_216' title='bbox 125 2408 331 2450; x_wconf 86' lang='lat' dir='ltr'>Armeniae</span> <span class='ocrx_word' id='word_1_217' title='bbox 373 2410 555 2449; x_wconf 89' lang='lat' dir='ltr'>oriuntur</span> <span class='ocrx_word' id='word_1_218' title='bbox 595 2415 633 2448; x_wconf 86' lang='lat' dir='ltr'>et</span> <span class='ocrx_word' id='word_1_219' title='bbox 673 2420 773 2463; x_wconf 87' lang='lat' dir='ltr'>quos</span> <span class='ocrx_word' id='word_1_220' title='bbox 815 2416 928 2449; x_wconf 87' lang='lat' dir='ltr'>vetus</span> <span class='ocrx_word' id='word_1_221' title='bbox 966 2408 1028 2450; x_wconf 82' lang='lat' dir='ltr'>ille</span> <span class='ocrx_word' id='word_1_222' title='bbox 1067 2389 1319 2466; x_wconf 72' lang='lat' dir='ltr'>geographus</span> <span class='ocrx_word' id='word_1_223' title='bbox 1361 2424 1448 2451; x_wconf 93' lang='lat' dir='ltr'>cum</span> <span class='ocrx_word' id='word_1_224' title='bbox 1484 2409 1616 2451; x_wconf 85' lang='lat' dir='ltr'>Araxe</span> 
     </span>
     <span class='ocr_line' id='line_1_28' title="bbox 126 2489 1616 2549; baseline 0.001 -16"><span class='ocrx_word' id='word_1_225' title='bbox 126 2502 163 2534; x_wconf 85' lang='lat' dir='ltr'>et</span> <span class='ocrx_word' id='word_1_226' title='bbox 194 2491 367 2533; x_wconf 89' lang='lat' dir='ltr'>Amardo</span> <span class='ocrx_word' id='word_1_227' title='bbox 408 2494 447 2532; x_wconf 91' lang='lat' dir='ltr'>in</span> <span class='ocrx_word' id='word_1_228' title='bbox 484 2490 586 2532; x_wconf 90' lang='lat' dir='ltr'>idem</span> <span class='ocrx_word' id='word_1_229' title='bbox 620 2489 805 2547; x_wconf 88' lang='lat' dir='ltr'>Caspium</span> <span class='ocrx_word' id='word_1_230' title='bbox 849 2500 1036 2533; x_wconf 83' lang='lat' dir='ltr'>exeuntes</span> <span class='ocrx_word' id='word_1_231' title='bbox 1074 2491 1183 2534; x_wconf 87' lang='lat' dir='ltr'>facile</span> <span class='ocrx_word' id='word_1_232' title='bbox 1214 2493 1349 2549; x_wconf 88' lang='lat' dir='ltr'>potuit</span> <span class='ocrx_word' id='word_1_233' title='bbox 1379 2491 1616 2535; x_wconf 84' lang='lat' dir='ltr'>confundere</span> 
     </span>
     <span class='ocr_line' id='line_1_29' title="bbox 128 2572 1616 2631; baseline -0.001 -14"><span class='ocrx_word' id='word_1_234' title='bbox 128 2573 231 2629; x_wconf 88' lang='lat' dir='ltr'>(vide</span> <span class='ocrx_word' id='word_1_235' title='bbox 253 2575 490 2617; x_wconf 89' lang='lat' dir='ltr'>Varronian.</span> <span class='ocrx_word' id='word_1_236' title='bbox 522 2589 589 2631; x_wconf 87' lang='lat' dir='ltr'>pp.</span> <span class='ocrx_word' id='word_1_237' title='bbox 616 2572 691 2624; x_wconf 86' lang='lat'>56,</span> <span class='ocrx_word' id='word_1_238' title='bbox 727 2572 765 2614; x_wconf 83' lang='lat'>7.</span> <span class='ocrx_word' id='word_1_239' title='bbox 790 2574 849 2615; x_wconf 87' lang='lat' dir='ltr'>ed.</span> <span class='ocrx_word' id='word_1_240' title='bbox 874 2572 971 2628; x_wconf 87' lang='lat' dir='ltr'>alt.).</span> <span class='ocrx_word' id='word_1_241' title='bbox 1035 2576 1091 2617; x_wconf 85' lang='lat' dir='ltr'>At</span> <span class='ocrx_word' id='word_1_242' title='bbox 1130 2578 1230 2618; x_wconf 86' lang='lat' dir='ltr'>enim</span> <span class='ocrx_word' id='word_1_243' title='bbox 1264 2590 1356 2617; x_wconf 85' lang='lat' dir='ltr'>vero</span> <span class='ocrx_word' id='word_1_244' title='bbox 1396 2576 1522 2618; x_wconf 87' lang='lat' dir='ltr'>scriba</span> <span class='ocrx_word' id='word_1_245' title='bbox 1554 2577 1616 2619; x_wconf 70' lang='lat' dir='ltr'>illo.</span> 
     </span>
     <span class='ocr_line' id='line_1_30' title="bbox 126 2657 1614 2717; baseline 0.002 -17"><span class='ocrx_word' id='word_1_246' title='bbox 126 2659 426 2709; x_wconf 65' lang='lat' dir='ltr'>Masei-ethicus,</span> <span class='ocrx_word' id='word_1_247' title='bbox 461 2673 582 2715; x_wconf 90' lang='lat' dir='ltr'>quum</span> <span class='ocrx_word' id='word_1_248' title='bbox 615 2657 661 2699; x_wconf 88' lang='lat' dir='ltr'>de</span> <span class='ocrx_word' id='word_1_249' title='bbox 693 2657 854 2700; x_wconf 88' lang='lat' dir='ltr'>humani</span> <span class='ocrx_word' id='word_1_250' title='bbox 887 2661 1038 2716; x_wconf 84' lang='lat' dir='ltr'>generis</span> <span class='ocrx_word' id='word_1_251' title='bbox 1067 2661 1217 2717; x_wconf 90' lang='lat' dir='ltr'>origine</span> <span class='ocrx_word' id='word_1_252' title='bbox 1238 2660 1479 2716; x_wconf 90' lang='lat' dir='ltr'>loquendum</span> <span class='ocrx_word' id='word_1_253' title='bbox 1502 2670 1614 2710; x_wconf 82' lang='lat' dir='ltr'>esset,</span> 
     </span>
     <span class='ocr_line' id='line_1_31' title="bbox 128 2742 1616 2800; baseline 0.001 -15"><span class='ocrx_word' id='word_1_254' title='bbox 128 2759 206 2785; x_wconf 91' lang='lat' dir='ltr'>non</span> <span class='ocrx_word' id='word_1_255' title='bbox 238 2742 357 2784; x_wconf 88' lang='lat' dir='ltr'>modo</span> <span class='ocrx_word' id='word_1_256' title='bbox 389 2744 680 2800; x_wconf 85' lang='lat' dir='ltr'>antiquissimas</span> <span class='ocrx_word' id='word_1_257' title='bbox 713 2742 945 2800; x_wconf 87' lang='lat' dir='ltr'>easdemque</span> <span class='ocrx_word' id='word_1_258' title='bbox 967 2745 1190 2785; x_wconf 87' lang='lat' dir='ltr'>verissimas</span> <span class='ocrx_word' id='word_1_259' title='bbox 1219 2743 1406 2786; x_wconf 86' lang='lat' dir='ltr'>historiae</span> <span class='ocrx_word' id='word_1_260' title='bbox 1436 2744 1616 2787; x_wconf 87' lang='lat' dir='ltr'>traditio-</span> 
     </span>
     <span class='ocr_line' id='line_1_32' title="bbox 130 2826 1615 2885; baseline 0.001 -18"><span class='ocrx_word' id='word_1_261' title='bbox 130 2842 194 2869; x_wconf 82' lang='lat' dir='ltr'>nes</span> <span class='ocrx_word' id='word_1_262' title='bbox 228 2826 402 2883; x_wconf 83' lang='lat' dir='ltr'>collegit,</span> <span class='ocrx_word' id='word_1_263' title='bbox 438 2827 505 2869; x_wconf 90' lang='lat' dir='ltr'>sed</span> <span class='ocrx_word' id='word_1_264' title='bbox 536 2841 599 2870; x_wconf 87' lang='lat' dir='ltr'>eas</span> <span class='ocrx_word' id='word_1_265' title='bbox 629 2843 704 2885; x_wconf 88' lang='lat' dir='ltr'>pro</span> <span class='ocrx_word' id='word_1_266' title='bbox 737 2843 845 2870; x_wconf 88' lang='lat' dir='ltr'>more</span> <span class='ocrx_word' id='word_1_267' title='bbox 875 2842 948 2870; x_wconf 91' lang='lat' dir='ltr'>suo</span> <span class='ocrx_word' id='word_1_268' title='bbox 972 2842 1059 2869; x_wconf 93' lang='lat' dir='ltr'>cum</span> <span class='ocrx_word' id='word_1_269' title='bbox 1081 2827 1280 2884; x_wconf 85' lang='lat' dir='ltr'>relligiosa</span> <span class='ocrx_word' id='word_1_270' title='bbox 1300 2826 1507 2870; x_wconf 85' lang='lat' dir='ltr'>Jasharani</span> <span class='ocrx_word' id='word_1_271' title='bbox 1530 2828 1615 2869; x_wconf 87' lang='lat' dir='ltr'>libri</span> 
     </span>
    </p>
   </div>
   <div class='ocr_carea' id='block_1_3' title="bbox 127 2910 1613 2970">
    <p class='ocr_par' dir='ltr' id='par_1_4' title="bbox 127 2910 1613 2970">
     <span class='ocr_line' id='line_1_33' title="bbox 127 2910 1613 2970; baseline 0.001 -19"><span class='ocrx_word' id='word_1_272' title='bbox 127 2913 238 2969; x_wconf 85' lang='lat' dir='ltr'>poesi</span> <span class='ocrx_word' id='word_1_273' title='bbox 279 2912 533 2954; x_wconf 87' lang='lat' dir='ltr'>commiscuit.</span> <span class='ocrx_word' id='word_1_274' title='bbox 595 2911 652 2955; x_wconf 86' lang='lat' dir='ltr'>Ita</span> <span class='ocrx_word' id='word_1_275' title='bbox 692 2914 899 2970; x_wconf 83' lang='lat' dir='ltr'>mysticum</span> <span class='ocrx_word' id='word_1_276' title='bbox 941 2911 1048 2954; x_wconf 88' lang='lat' dir='ltr'>illum</span> <span class='ocrx_word' id='word_1_277' title='bbox 1080 2910 1250 2955; x_wconf 80' lang='lat' dir='ltr'>Edenem</span> <span class='ocrx_word' id='word_1_278' title='bbox 1291 2913 1351 2954; x_wconf 86' lang='lat' dir='ltr'>vel</span> <span class='ocrx_word' id='word_1_279' title='bbox 1392 2912 1613 2955; x_wconf 85' lang='lat' dir='ltr'>deliciarum</span> 
     </span>
    </p>
   </div>
  </div>
 </body>
</html>
