1867 3301
802 257 816 259 st
847 190 912 236 67

131 331 345 387 lignitatem
385 330 592 373 rettulisse.
659 330 738 370 Sed
779 328 1030 370 nihilosecius
1073 309 1215 370 scimus
1258 342 1331 369 nos
1371 330 1498 369 omnia
1534 329 1624 369 haec

133 413 339 455 dumtaxat
376 416 415 454 in
456 415 587 454 nervis
628 414 829 469 corporeis
868 412 997 453 sedem
1031 426 1141 453 suam
1175 411 1364 452 obtinere.
1431 411 1473 452 si
1505 414 1626 468 igitur

132 497 238 538 haud
277 496 491 554 quidquam
534 498 695 538 interest
726 497 827 537 inter
858 495 1071 537 Diabolum
1104 497 1221 537 istum
1254 503 1292 536 et
1324 509 1495 543 carnem,
1536 510 1626 551 per-

132 595 230 621 sona
262 582 342 621 sive
375 582 541 622 essentia
573 579 776 621 rationalis
808 579 915 620 nulla
947 588 1024 628 est,
1061 594 1159 636 quae
1192 593 1265 620 nos
1290 579 1350 619 vel
1380 592 1450 635 per
1473 592 1624 620 carnem

131 664 191 705 vel
221 678 292 720 per
321 671 487 705 mentem
511 671 630 704 vexat
661 671 699 704 ct
730 663 925 704 sollicitat.
976 663 1108 720 Atque
1141 663 1214 703 hac
1246 662 1497 703 conclusione
1519 662 1622 703 nulla

130 746 235 803 apud
266 746 467 789 Euclidem
501 746 799 788 demonstratio
819 748 960 788 certior
992 754 1062 787 est.
1123 742 1183 798 (2)
1218 745 1411 801 Deinceps
1442 744 1623 802 probabo

130 829 289 872 Sacram
312 830 557 888 Scripturam
590 830 745 872 disertis
779 829 907 871 verbis
942 829 1100 878 docere,
1135 829 1281 870 nullam
1315 829 1426 870 aliam
1459 844 1542 870 esse
1576 828 1625 868 ad

129 923 330 970 peccatum
359 914 693 963 sollicitationem,
728 922 881 971 praeter
914 928 1017 963 eam,
1053 927 1152 970 quae
1177 912 1238 954 vel
1271 914 1309 953 in
1342 927 1455 954 carne
1486 914 1624 953 unius-

130 999 320 1055 cujusque
352 999 522 1040 hominis
557 999 632 1039 sita
663 1005 740 1046 est,
774 997 833 1038 vel
864 999 904 1038 in
935 996 1096 1046 mundo,
1133 999 1200 1053 qui
1234 996 1446 1038 carnalium
1472 1003 1625 1037 constat

128 1081 332 1123 hominum
366 1090 499 1131 coetu,
540 1089 731 1123 versatur.
784 1080 828 1121 In
861 1082 1038 1122 oratione
1070 1080 1294 1130 Dominica,
1338 1088 1497 1122 auctore
1529 1079 1623 1121 Jesu

129 1163 310 1214 Christo,
353 1164 479 1207 Deum
518 1180 742 1221 precamur:
784 1179 857 1205 »ne
896 1164 1058 1206 inducas
1098 1179 1172 1206 nos
1213 1166 1250 1205 in
1291 1172 1513 1220 peccatum,
1555 1163 1621 1206 scd

128 1247 248 1289 libera
286 1263 360 1290 nos
401 1264 424 1289 a
460 1263 585 1305 pravo
624 1249 719 1290 illo«
761 1244 841 1303 (μὴ
877 1247 1108 1305 εἰσενέγκῃς
1139 1245 1249 1304 ἡμᾶς
1281 1247 1339 1296 εἷς
1370 1243 1621 1303 πειρασμὸν,

128 1325 242 1372 ἄλλά
286 1330 412 1387 ῥῦσαι
451 1329 561 1387 ἡμᾶς
601 1328 687 1373 ἀπὸ
728 1330 803 1373 ’τοῦ
843 1330 1071 1386 πονηροῦ).
1138 1332 1208 1373 His
1249 1331 1380 1373 verbis
1419 1346 1538 1372 unam
1579 1329 1624 1372 ἐκ

127 1411 410 1471 παραλλήλου
446 1417 676 1472 petitionem
709 1417 899 1457 contineri
933 1414 1047 1456 docet
1080 1417 1281 1471 oppositio
1313 1429 1383 1471 per
1411 1414 1621 1471 particulas

126 1498 181 1554 μή
204 1524 251 1531 -
274 1496 407 1549 ἀλλᾶς
439 1513 510 1541 nec
540 1507 682 1541 temere
715 1500 861 1540 omissa
893 1506 952 1540 est
985 1498 1106 1540 altera
1128 1497 1303 1539 clausula
1323 1499 1363 1538 in
1386 1497 1621 1554 quibusdam

125 1581 254 1624 Lucae
287 1579 377 1635 (XI,
400 1580 445 1635 4)
481 1581 708 1625 Codicibus.
759 1582 894 1624 Malim
926 1590 1055 1625 tamen
1087 1589 1228 1631 staret,
1264 1589 1308 1623 ut
1341 1596 1440 1638 qnae
1471 1582 1622 1638 plenio-

125 1680 205 1707 rem
248 1666 548 1723 explicationem
590 1666 761 1708 inducat.
827 1665 1032 1709 Genitivos
1072 1666 1150 1707 τοῦ
1189 1664 1380 1721 πονηροῦ
1417 1666 1620 1707 masculini

125 1751 276 1806 generis
300 1764 383 1791 esse
404 1758 601 1792 testantur
621 1750 697 1791 loci
719 1758 946 1807 sequentes:
979 1749 1122 1792 Matth.
1146 1748 1254 1798 XIII,
1283 1747 1348 1799 19,
1371 1748 1440 1791 38.
1473 1749 1619 1806 Ephes.

125 1832 197 1883 VI,
227 1831 303 1884 163
344 1835 574 1890 praesertim
607 1833 633 1875 2
657 1833 799 1875 Thess.
822 1834 888 1884 ΙΙΙ,
922 1833 961 1884 2,
990 1832 1037 1876 3:
1081 1837 1153 1875 ἵνα
1194 1831 1480 1888 ῥυσθῶμεν
1519 1829 1620 1873 ἀπὸ

125 1916 208 1959 τῶν
240 1911 416 1959 α’τόπων
445 1919 517 1958 καὶ
548 1919 794 1975 πονηρῶν
824 1914 1079 1972 ἀνθρώπων
1102 1946 1137 1957 ..
1155 1946 1192 1956 ..
1225 1915 1379 1971 Κύριος
1410 1916 1456 1964 ὃς
1478 1912 1621 1970 φυλαᾌ

127 2001 189 2050 ξει
220 1996 319 2041 ἀπὸ
352 2000 427 2043 τοῦ
458 2002 704 2055 πονηροῦ.
762 1999 966 2056 Quidquid
998 2007 1128 2041 autem
1160 1996 1183 2039 ὁ
1212 1994 1398 2055 πονηρὸς
1428 1998 1618 2055 designat,

126 2097 174 2124 ex
214 2083 301 2125 loco
342 2086 429 2140 ipso
471 2092 633 2140 apparet
668 2085 708 2125 in
745 2098 791 2125 co
825 2085 1016 2124 contineri
1047 2082 1194 2135 sontem
1229 2082 1536 2132 sollicitationisg
1576 2090 1621 2123 ut

127 2174 264 2208 auctor
303 2166 329 2208 2
359 2166 464 2209 Petr.
496 2166 548 2216 Π,
582 2164 607 2208 9
646 2182 727 2209 non
758 2168 950 2208 immerito
985 2164 1030 2207 ἐκ
1061 2168 1299 2220 πειρασμοῦ
1331 2164 1515 2222 ῥύεσθαι
1547 2179 1621 2221 po-

126 2251 248 2292 suerit
277 2265 351 2306 pro
385 2247 572 2305 ῥύεσθαι
603 2246 689 2291 ἀπὸ
723 2250 798 2292 τοῦ
829 2249 1031 2305 πονηροῦ.
1078 2250 1142 2291 Ille
1175 2259 1305 2292 autem
1333 2249 1618 2291 sollicitationis

125 2332 213 2374 fons
254 2335 342 2390 quis
383 2333 519 2384 fuerit,
564 2335 737 2376 certatim
779 2333 921 2375 docent
952 2333 1086 2376 Sancti
1129 2334 1312 2393 apostoli.
1375 2334 1478 2374 Inter
1518 2346 1618 2388 quos

124 2416 171 2458 D.
202 2415 370 2467 Paulus,
412 2417 463 2458 ad
495 2415 726 2460 Corinthios
767 2416 962 2466 scribens,
1004 2418 1120 2459 talem
1159 2417 1469 2458 consolationem
1509 2414 1621 2455 affert

125 2496 165 2551 (1
193 2497 285 2542 Cor.
308 2499 368 2550 X,
395 2498 470 2550 13,
499 2498 591 2554 14):
626 2501 876 2543 »sollicitatio
900 2516 973 2543 vos
998 2516 1080 2543 non
1102 2514 1287 2557 aggressa
1309 2508 1387 2548 est,
1422 2500 1497 2539 nisi
1520 2511 1619 2554 quac

124 2581 306 2624 humana
338 2580 677 2638 (ἀνθρώπινος)
719 2586 788 2635 sit3
831 2584 957 2626 fidelis
1003 2593 1131 2626 autem
1164 2582 1271 2624 Deus
1313 2590 1388 2630 est,
1431 2582 1499 2636 qui
1539 2595 1617 2621 non

123 2666 294 2721 patietur
327 2680 397 2707 vos
431 2667 632 2709 Sollicitari
666 2682 785 2725 super
816 2667 858 2709 id
890 2666 1001 2724 quod
1022 2667 1172 2716 valetis,
1208 2665 1276 2707 scd
1298 2664 1411 2706 saciet
1433 2678 1520 2705 cum
1540 2663 1620 2704 sol-

123 2747 335 2790 licitatione
367 2751 482 2791 etiam
514 2749 719 2808 effugium,
756 2760 800 2792 ut
830 2752 992 2807 possitis
1017 2765 1100 2792 eam
1123 2750 1360 2791 sustinerent
1404 2747 1503 2789 Hinc
1527 2761 1619 2787 con-

125 2830 327 2874 cludamus
366 2846 522 2874 necesse
562 2841 639 2884 est,
683 2833 882 2876 illecebras
923 2836 1072 2890 peccati
1110 2832 1158 2874 ab
1190 2834 1279 2888 ipso
1312 2832 1471 2873 homine
1505 2831 1618 2877 oriri;

123 2913 250 2957 Deum
282 2923 410 2959 autem
434 2915 740 2966 subventurum,
775 2916 900 2959 divini
921 2918 1085 2974 spiritus
1109 2915 1299 2958 auxilium
1321 2916 1617 2956 ministrantem.

1288 2994 1335 3028 50
