1867 3301
933 209 997 255 92

442 351 528 393 ‘Sic
551 350 817 407 jactabmidus
851 349 1046 391 uxoribus
1080 352 1160 391 suis
1194 347 1366 402 cecinit]:

166 422 429 499 ‘²⁹¹¹‘1v'23'433f‘j
465 434 577 476 »Ada
610 443 647 475 et
680 433 824 482 Tsifla,
859 433 989 474 audite
1023 448 1157 474 vocem
1190 448 1331 482 meam,

462 516 614 560 Uxores
647 517 849 566 Lamechi,
884 516 1070 558 attendite
1102 531 1187 558 meo
1221 518 1423 558 sermonis

364 612 426 647 [24]
461 601 601 642 Virum
623 601 780 657 quidem
812 609 977 657 propter
998 600 1163 649 vulnus,
1196 614 1362 656 puerum
1392 608 1520 641 autem
1545 608 1708 657 propter

928 682 1091 725 vibicem
1124 686 1254 725 statim
1287 683 1471 725 occidam.

460 767 559 810 Nam
592 770 624 809 si
656 768 856 809 Kinnaeus
889 770 1043 824 septies.
1065 776 1123 809 est
1154 766 1418 817 ulciscendus,

462 852 504 894 In
534 852 727 894 Lamecho
761 852 801 893 id
833 852 898 893 fiet
929 853 1152 908 septuagies
1186 853 1369 908 septies«

160 947 428 979 Gen.XXXV1.8.
462 934 583 992 [Ergo
609 936 838 985 Lamachus,
875 937 941 991 qui
962 935 1116 976 Esavus
1150 943 1228 984 est,
1263 936 1303 975 in
1335 943 1466 976 monte
1491 934 1576 976 Scir
1599 933 1709 975 habi-

930 1018 1036 1059 tabat
1062 1019 1162 1058 inter
1184 1017 1383 1058 Kinnaeos
1408 1026 1444 1059 et
1465 1017 1706 1075 Hagarenos,

463 1104 512 1145 Vi
545 1112 581 1144 et
614 1104 729 1144 armis
764 1111 801 1143 et
831 1100 977 1158 praeda
1009 1103 1154 1142 victum
1187 1103 1408 1157 quaeritans
1421 1098 1448 1154 3]

164 1198 428 1229 s÷en.xxv111,9.
461 1187 517 1229 Ibi
549 1195 704 1244 praeter
736 1200 902 1235 uxores,
942 1199 1039 1241 quas
1067 1185 1148 1240 jam
1181 1183 1369 1234 habebat,
1405 1186 1518 1226 etiam
1549 1184 1708 1226 Macha-

928 1269 1072 1310 latham
1104 1270 1144 1309 in
1176 1270 1466 1310 matrimonium
1499 1268 1630 1317 duxit,

465 1353 572 1408 Quae
619 1353 698 1394 filia
745 1353 818 1394 fuit
863 1352 1067 1401 Ishmaeli,
1116 1351 1184 1392 filii
1231 1350 1467 1401 Abrahami,
1517 1366 1708 1408 sororque

929 1435 1153 1477 Nehaiothi.

171 1534 240 1561 Gen.
254 1533 364 1564 XXVI,
382 1534 428 1561 35.
460 1522 542 1563 Hae
575 1530 706 1563 autem
736 1523 896 1577 nuptiae
927 1521 1059 1562 Isaaco
1102 1534 1145 1561 ac
1177 1518 1374 1560 Rebeccae
1407 1519 1535 1561 dolori
1568 1518 1706 1560 acerbo

929 1604 1099 1645 fuerunt.

161 1700 365 1732 cmxxvn,
383 1703 430 1728 46.
461 1688 638 1731 Rebecca
661 1703 753 1730 vero
776 1689 907 1729 isaaco
933 1688 1051 1729 dixit:
1086 1686 1263 1728 »Taedet
1284 1701 1342 1727 me
1366 1688 1465 1728 vitae
1488 1701 1593 1729 meae
1614 1701 1708 1743 pro-

929 1780 1016 1827 pter
1047 1773 1140 1811 istas
1175 1769 1446 1812 Chittaeorum
1477 1770 1588 1811 filias.

466 1856 508 1898 Si
529 1855 702 1898 ‚Iacobus
733 1869 892 1912 quoque
922 1869 1087 1896 uxorem
1118 1854 1179 1894 his
1211 1854 1370 1895 similem
1394 1854 1527 1895 exilia
1548 1856 1706 1911 regione

931 1938 1107 1988 duxerit,
1143 1938 1235 1979 nolo
1269 1940 1441 1979 vivere.«

210 2014 279 2041 Gen.
294 2012 431 2044 XXVIII.

275 2058 348 2083 14·
385 2054 429 2090 [1]
463 2025 679 2067 Arcessivit
711 2025 831 2080 igitur
861 2023 1015 2064 lsaacus
1047 2021 1258 2071 Jacobum,
1292 2023 1404 2078 eique
1435 2021 1657 2071 benedixit3

463 2109 743 2165 Praecepitque
785 2108 846 2148 his
879 2106 1029 2148 verbis:
1073 2103 1154 2146 »Ne
1194 2107 1359 2162 accipias
1393 2105 1655 2148 conditionem
1688 2119 1707 2146 e

930 2199 1033 2232 terra
1065 2189 1311 2239 Canaanaea,

386 2286 430 2323 12]
465 2275 544 2318 Sed
585 2278 624 2316 in
662 2275 988 2330 Mesopotamiam
1028 2273 1273 2330 proficiscere
1317 2271 1365 2315 ad
1404 2272 1604 2315 Bethuelis
1644 2275 1706 2314 avi

929 2359 987 2397 tui
1020 2356 1199 2406 domum,

462 2442 683 2500 lbiquede
722 2440 877 2483 filiabus
917 2439 1086 2489 Labani,
1136 2439 1317 2481 avunculi
1361 2442 1435 2488 tui,
1486 2454 1593 2482 sume
1635 2439 1706 2481 tibi

930 2538 1108 2565 uxorem.

390 2623 432 2659 [3]
466 2612 516 2653 Et
548 2619 583 2651 te
614 2610 721 2651 Deus
755 2610 1002 2665 omnipotens
1035 2607 1228 2656 fortium,
1271 2615 1429 2663 augeat,
1463 2606 1703 2663 multiplicet,

466 2693 517 2737 Ut
549 2694 767 2750 complures
801 2707 850 2734 ex
881 2701 917 2733 te
949 2700 1082 2749 gentes
1117 2693 1304 2739 oriantur,

388 2791 432 2826 [4]
465 2779 515 2820 Et
528 2786 699 2835 praestet
714 2777 784 2818 tihi
797 2778 1045 2833 posterisque
1065 2778 1140 2817 tuis
1154 2773 1463 2816 benedictionem
1475 2772 1702 2823 Abrahami,

467 2862 518 2904 Ut
548 2861 751 2919 possideas
781 2869 923 2903 terram
955 2859 1278 2917 peregrinationis
1310 2866 1419 2907 tuae,
1454 2872 1570 2914 quam
1598 2857 1704 2899 Deus

931 2942 1156 2985 Abrahamo
1189 2942 1410 2998 promisit.«
