1867 3301
799 197 897 243 333

103 338 321 380 absolutam
365 345 402 379 et
443 344 749 379 consununatam
788 336 1109 394 tranquillitatem
1148 336 1222 378 sibi
1259 336 1467 379 videbatur
1504 352 1591 394 per-

102 425 273 471 venisse,
314 437 434 479 quum
467 435 554 462 arca
587 420 766 470 foederis,
801 422 958 462 incertis
989 420 1174 463 fluctibus
1207 428 1320 463 antea
1346 422 1511 476 jactata,
1553 424 1591 462 in

101 520 198 562 rupe
224 505 442 546 Tsionitica
474 506 711 560 conquievit,
746 504 987 545 Jasharanus
1021 505 1082 546 ille
1100 504 1228 546 editor
1250 519 1352 561 opus
1374 519 1487 545 suum
1511 518 1591 545 non

99 591 232 646 potuit
264 588 313 629 ad
343 587 569 629 umbilicum
602 588 806 637 adducere,
840 589 916 628 nisi
949 602 1095 629 corona
1127 589 1198 629 hac
1230 596 1484 629 monumento
1517 601 1590 628 suo

99 674 296 728 imposita.
335 672 482 713 Verum
516 673 615 712 enim
637 686 731 712 vero
764 686 823 713 me
857 670 1124 714 demonstrare
1156 686 1273 728 posse
1307 671 1478 713 arbitror
1503 686 1592 713 ean-

101 758 217 797 ticum
256 764 437 797 nostrum
475 770 557 796 non
597 754 716 795 inodo
749 746 956 814 Jasliarani
990 757 1167 811 corporis
1207 754 1421 796 membrum
1456 755 1589 804 fuisse,

99 839 185 889 sed,
219 839 259 880 id
292 838 400 895 quod
432 840 558 896 prima
589 837 683 879 facie
717 845 937 894 exspectes,
980 839 1159 879 ultimum
1194 840 1307 879 istius
1340 838 1590 895 anthologiae

97 938 250 980 poema.
297 922 418 972 Nam,
451 930 497 963 ut
528 930 639 963 antea
672 922 900 979 significavi,
932 922 1181 963 Psalmorum
1203 922 1388 962 volumen
1413 923 1452 962 in
1475 923 1590 977 quin-

99 1021 173 1062 que
205 1014 336 1063 partes
368 1008 450 1047 sive
481 1004 603 1046 libros
637 1005 891 1046 distributum
924 1014 1001 1055 est,
1035 1007 1089 1046 ita
1119 1014 1165 1046 ut
1194 1007 1345 1061 primus
1378 1004 1476 1046 liber
1508 1020 1591 1045 car-

96 1091 198 1131 mine
229 1090 351 1139 XLI.‚
385 1088 580 1130 secundus
609 1088 789 1139 LXXIL,
823 1091 962 1131 tertius
993 1089 1239 1139 LXXXIX.,
1275 1097 1438 1146 quartus
1473 1087 1588 1138 CVL,

61 1175 73 1182 ”
98 1175 258 1230 quintus
283 1172 360 1215 CL.
383 1173 555 1214 finiatur.
593 1173 699 1214 Haec
729 1175 904 1230 partitio,
940 1187 1056 1230 quam
1079 1173 1344 1229 Hieronymus
1373 1188 1454 1214 non
1475 1175 1590 1229 igno-

96 1256 210 1298 rabat
241 1256 384 1313 (Epist.
409 1256 619 1298 CXXXIV
650 1257 706 1298 ad
736 1256 1039 1313 Soplwom'um5
1074 1256 1296 1299 CXXXIX.
1332 1257 1389 1297 ad
1418 1256 1590 1313 Cypria-

95 1338 235 1394 παθη),
280 1342 320 1382 in
363 1349 476 1382 textu
506 1340 773 1382 Masorethico
807 1340 1024 1398 doxologia
1063 1340 1231 1397 quadam
1270 1343 1308 1381 in
1351 1354 1589 1396 unaquaque

97 1424 289 1466 divisione
320 1432 494 1465 notatur.
542 1425 610 1474 Ita,
644 1427 683 1465 in
714 1424 789 1465 fine
811 1424 956 1465 Psalmi
977 1424 1092 1474 XLI.‚
1127 1424 1311 1481 legimus:
1347 1407 1590 1464 »Laudetur

95 1493 273 1561 Jehoed,
315 1508 421 1549 Deus
460 1508 632 1557 Israelis,
682 1507 730 1549 ab
771 1509 996 1549 aeternitate
1036 1510 1075 1549 in
1114 1510 1394 1549 aeternitatem.
1447 1506 1585 1555 Amen,

94 1591 261 1633 Amen.«
315 1591 367 1633 Et
401 1592 536 1633 similis
570 1591 787 1648 doxologia
818 1591 977 1633 additur
1007 1593 1048 1633 in
1079 1591 1155 1633 fine
1187 1592 1434 1648 sequentium
1466 1589 1588 1630 libro-

94 1690 202 1725 rum,
245 1690 382 1731 nempe
412 1675 557 1717 Psalm.
587 1675 753 1725 LXXII,
785 1675 1016 1725 LXXXIX,
1050 1674 1150 1717 CVI.
1209 1674 1338 1728 Quum
1379 1682 1507 1715 autem
1548 1673 1587 1713 hi

94 1758 181 1800 libri
220 1773 291 1815 per
321 1773 362 1800 se
399 1761 509 1815 ipsos
549 1759 724 1816 singulas
765 1759 1013 1800 collectiones
1054 1759 1306 1807 conficerent,
1351 1757 1585 1798 credendum

94 1850 153 1883 est
182 1842 283 1883 hanc
313 1841 520 1883 formulam
553 1842 642 1883 inde
675 1842 888 1883 derivatam
921 1857 1024 1892 esse,
1069 1841 1178 1898 quod
1209 1843 1336 1897 prima
1366 1840 1587 1897 relligioso·

93 1940 180 1968 rum
212 1927 425 1967 carminum
459 1925 635 1967 collectio
669 1926 861 1968 consimili
892 1926 1091 1967 locutione
1124 1925 1329 1966 desineret.
1368 1924 1455 1965 Jam
1480 1938 1583 1973 vero,

92 2017 138 2050 ut
178 2024 298 2066 supra
338 2009 510 2059 ostendi,
555 2009 652 2050 liber
682 2009 923 2051 Jasharanus
961 2011 1169 2051 antecessit
1199 2009 1260 2049 vel
1292 2010 1585 2065 antiquissimae

91 2093 338 2134 Psalmorum
359 2093 641 2134 Davidicorum
670 2093 902 2135 collectioni.
944 2091 1055 2135 Unde
1077 2093 1309 2149 intelligitur
1328 2092 1585 2134 Jasharanam

91 2176 194 2218 illam
234 2177 501 2234 anthologiam
541 2179 580 2218 in
620 2177 720 2218 hanc
758 2176 1041 2218 benedictionis
1082 2175 1290 2218 formulam
1323 2177 1478 2217 exiisse.
1530 2175 1587 2217 At

90 2260 270 2302 Psalmus
302 2261 365 2302 hic
395 2269 542 2311 noster,
578 2275 692 2318 quem
724 2261 818 2302 alias
853 2260 903 2302 ob
938 2275 1074 2302 causas
1107 2262 1147 2301 in
1169 2260 1244 2301 fine
1267 2260 1473 2302 Jasharani
1497 2258 1583 2301 libri

91 2344 318 2401 ponendum
352 2345 474 2394 duco,
515 2345 576 2385 his
614 2346 708 2401 ipsis
742 2343 871 2386 verbis
903 2327 1076 2406 ῦἾΓῚιῖζζ
1109 2345 1250 2411 ΤῘῖΊἾέ,
1292 2344 1483 2385 laudetur
1512 2342 1583 2384 Je-

91 2427 215 2482 hova,
249 2431 361 2485 quasi
394 2428 566 2485 legitimo
599 2430 778 2478 termino,
813 2428 985 2485 explicit,
1018 2408 1145 2484 n'e'que
1177 2427 1236 2476 id,
1270 2435 1317 2468 ut
1347 2428 1386 2467 in
1406 2426 1584 2467 Psalmo·

90 2525 178 2552 rum
209 2511 518 2562 collectionibus,
553 2520 665 2554 extra
697 2512 873 2553 ordinem
907 2510 1100 2566 adjicitur,
1134 2510 1203 2551 sed
1235 2518 1294 2551 est
1318 2512 1429 2566 quasi
1452 2524 1584 2551 neces-

92 2596 235 2635 sarium
269 2593 392 2637 Chori
424 2596 697 2653 ephymnium,
742 2595 852 2652 quod
884 2594 1066 2636 disertam
1099 2593 1285 2635 Praefecti
1318 2593 1582 2635 laudationem

92 2686 282 2719 concentu
316 2679 487 2734 quodam
520 2679 689 2736 complet
720 2687 758 2720 et
788 2678 985 2734 producit.
1036 2677 1145 2731 Quae
1178 2692 1297 2734 quum
1322 2679 1375 2719 ita
1397 2679 1487 2727 sint,
1520 2677 1581 2718 vel

92 2776 139 2802 ex
172 2761 236 2802 illa
267 2763 495 2803 imitationis
527 2762 623 2820 lege,
657 2777 773 2819 quam
806 2762 976 2803 humana
1007 2770 1147 2803 natura
1179 2763 1291 2817 quasi
1323 2760 1395 2802 sibi
1419 2763 1582 2817 impres-

92 2859 173 2885 sam
204 2853 321 2894 tenet,
354 2847 545 2886 vincimus
576 2845 654 2886 hoc
685 2847 877 2887 canticum
914 2847 954 2886 in
985 2845 1060 2886 fine
1091 2845 1296 2886 Jasharani
1331 2843 1418 2884 libri
1449 2846 1583 2900 pristi-

92 2942 178 2968 nam
212 2927 341 2969 sedem
375 2927 605 2980 obtinuisse,
637 2929 742 2972 unde
774 2944 895 2986 quum
927 2930 967 2970 in
998 2929 1312 2986 antiquissimum
1334 2927 1580 2970 Psalmorum
