1867 3301
806 178 904 225 199

104 322 218 362 minis
250 319 358 362 tribu
392 319 575 368 oriundo,
609 320 712 376 regis
746 319 914 375 dignitas
948 321 1127 375 pervenit
1158 319 1208 361 ad
1232 319 1441 370 Davidem,
1475 320 1601 363 Judae

104 404 273 459 prolem,
321 405 387 460 qui
425 403 521 444 fines
554 402 795 444 Judaeorum
836 405 1065 444 immensum
1100 412 1290 460 quantum
1324 403 1521 454 extendit,
1564 414 1602 446 et

105 488 328 542 imperium,
372 485 482 527 Sauli
518 488 620 543 regis
653 488 867 527 temeritate
901 485 1164 536 debilitatum,
1206 488 1365 528 mirifice
1397 487 1597 537 stabilivit,

105 569 397 626 stabilitumque
430 569 592 611 tradidit
614 568 822 611 Solomoni
853 570 975 611 filio.«
1022 569 1121 612 Cum
1146 571 1217 612 hac
1239 573 1431 612 sententia
1454 574 1599 628 optime

104 655 273 694 concinit
303 653 569 695 membrorum
601 655 826 694 consecutio
861 662 898 694 et
928 654 1226 710 parallelismus.
1277 653 1442 697 Catulus
1474 655 1598 697 leonis

103 736 262 778 exhibet
293 735 408 777 nobis
442 736 725 778 adolescentem
757 736 861 778 illam
884 739 1098 792 potentiam
1123 737 1299 788 Davidis,
1335 740 1403 794 qui
1425 741 1463 779 in
1485 753 1599 781 mon·-

102 828 191 860 tana
222 820 347 861 lustra
380 820 644 862 conscendens
676 828 738 861 tot
769 821 895 876 spolia
919 836 1040 862 ovans
1074 835 1205 862 secum
1226 821 1468 877 reportabat.
1518 822 1599 865 Sed

102 918 252 945 summa
282 918 413 945 rerum
444 906 596 961 potitus
619 903 790 946 Davides
823 919 910 946 cum
939 904 1073 947 adulto
1096 905 1207 946 leone
1231 913 1494 961 comparatur,
1529 909 1598 964 qui

101 989 141 1028 in
187 1002 314 1044 genua
354 987 617 1044 procumbens
664 988 815 1029 nullum
858 988 1033 1030 hostium
1080 991 1268 1045 impetum
1309 998 1478 1030 veretur.
1540 989 1598 1031 At

100 1071 232 1112 leaena
263 1086 350 1112 cum
383 1072 520 1113 catulis
553 1071 938 1128 circumjacentibus,
981 1087 1097 1129 quam
1128 1087 1242 1114 nemo
1277 1074 1446 1114 excitare
1478 1075 1594 1123 ausit,

100 1162 188 1211 apte
220 1154 396 1212 depingit
418 1154 646 1197 Solomonis
678 1156 999 1212 tranquillitatem
1032 1157 1205 1213 paternis
1229 1158 1403 1198 victoriis
1428 1165 1593 1214 partam.

101 1237 219 1292 Quod
257 1240 289 1279 si
329 1238 576 1281 concedimus
607 1240 798 1295 triplicem
830 1240 931 1281 hanc
960 1240 1086 1281 leonis
1119 1243 1450 1297 comparationem
1482 1243 1595 1283 unice

99 1330 273 1378 spectare
320 1321 370 1363 ad
410 1322 598 1364 Davidem
641 1322 993 1380 Solomonemque‚
1045 1323 1243 1366 constabit
1289 1324 1449 1366 eandem
1488 1340 1596 1367 mera

98 1407 312 1447 imitatione
344 1406 573 1448 translatam
606 1421 688 1448 esse
720 1409 760 1449 in
784 1406 945 1449 Bilcami
979 1410 1190 1458 canticum,
1224 1407 1293 1449 ubi
1326 1409 1489 1450 similem
1520 1425 1594 1451 no-

100 1492 250 1531 tionum
284 1492 509 1532 societatem
531 1489 769 1532 desiderabis
804 1488 936 1543 (Num.
960 1491 1107 1541 XXIII,
1134 1490 1202 1533 24.
1235 1491 1383 1542 XXIV,
1409 1490 1465 1546 9).
1514 1492 1595 1535 Sed

99 1573 144 1614 de
184 1583 308 1615 aetate
340 1574 443 1615 illius
478 1576 615 1616 cantici
647 1573 747 1616 infra
778 1574 1011 1616 videbimus.
1075 1576 1199 1618 Poeta
1232 1585 1360 1618 autem
1393 1578 1594 1633 aptissime

96 1660 237 1699 transit
274 1673 296 1699 a
333 1657 581 1700 recumbente
624 1658 756 1700 leaena
796 1659 846 1700 ad
885 1659 1139 1716 tranquillum
1179 1660 1330 1716 pacifici
1363 1659 1592 1702 Solomonis

96 1756 260 1799 regnum
292 1750 330 1783 et
361 1757 517 1785 auream
549 1742 652 1784 illam
687 1751 850 1785 aetatem
883 1758 960 1800 qua
992 1743 1097 1785 duda
1129 1743 1336 1785 frueretur.
1389 1743 1595 1801 Significat

96 1840 188 1882 ergo
221 1825 345 1867 Judae
386 1829 592 1883 imperium
630 1842 931 1883 permansurum
974 1842 1077 1877 esse,
1121 1827 1263 1868 doncc'
1286 1830 1395 1884 quies
1436 1837 1474 1869 et
1505 1843 1592 1870 cum

97 1910 225 1966 quiete
256 1912 433 1966 gentium
466 1909 700 1966 obsequium
722 1910 848 1952 Judae
882 1910 1115 1968 obtingeret.
1164 1911 1312 1953 Vocem
1345 1916 1491 1979 ΡΡΠΤΞ
1526 1912 1593 1954 de-

95 2001 230 2034 notare
271 1995 484 2049 scipionem
524 1993 741 2050 longiorem
774 2008 873 2050 quae
905 1996 945 2035 in
978 1996 1209 2036 insterstitio
1242 1995 1388 2051 pedum
1420 1995 1590 2037 sedentis

94 2078 196 2132 regis
228 2085 344 2133 atque
377 2076 427 2118 ad
458 2077 664 2118 humerum
687 2079 770 2134 ejus
793 2080 999 2134 reponitur
1021 2075 1085 2131 (cs.
1109 2078 1296 2134 Aeschyl.
1323 2078 1460 2136 Agam.
1488 2078 1589 2121 195:

96 2158 200 2201 ὥστε
246 2159 392 2212 χθόνα
437 2159 636 2217 βάκτροις
682 2159 1018 2217 ἐπικρούσαντας
1058 2159 1280 2216 Ἀτρείδας
1326 2161 1492 2218 δάκρυα
1531 2159 1588 2218 μὴ

94 2241 338 2297 κατασχεῖν)
372 2246 466 2285 satis
508 2244 681 2286 ostendit
720 2247 845 2301 ipsius
884 2245 960 2287 loci
996 2246 1273 2303 phraseologia
1306 2255 1344 2287 et
1374 2247 1590 2303 parallelis·

93 2327 482 2377 mus,.confirmavit
513 2337 641 2369 autem
676 2328 864 2370 Gesenius
899 2326 956 2382 (in
990 2327 1215 2383 Thesauro)
1249 2329 1404 2372 duabus
1437 2332 1590 2372 citatio-

93 2411 209 2453 nibus
258 2426 424 2468 quarum
470 2414 730 2468 posteriorem
779 2412 842 2454 hic
887 2413 997 2454 locus
1046 2422 1177 2468 aperte
1225 2416 1400 2455 imitatur
1444 2411 1585 2467 (Num.

92 2494 207 2544 XXJ,
235 2493 300 2536 18.
341 2495 409 2536 ps.
431 2494 523 2545 LX,
550 2494 605 2549 9).
671 2494 751 2538 sed
791 2495 837 2537 de
878 2496 1071 2537 clausula:
1117 2479 1258 2557 ulva·
1297 2488 1482 2565 >2:372-
1522 2501 1588 2557 ῆι]

92 2585 154 2618 tot
192 2586 230 2619 et
274 2587 353 2620 tam
397 2581 523 2621 variae
570 2579 851 2636 explicationes
898 2580 1171 2637 promulgatae
1211 2589 1323 2630 sunt,
1374 2589 1437 2631 ut,
1487 2595 1588 2638 quae

93 2663 295 2702 verissima
327 2670 385 2703 est
417 2661 659 2705 Schumanni
692 2663 938 2713 observatio,
980 2665 1013 2704 si
1044 2663 1249 2704 historiam
1281 2678 1414 2706 earum
1447 2681 1587 2724 exege-

92 2746 336 2786 tico-critice
368 2746 534 2789 scribere
565 2748 681 2798 velis,
725 2747 939 2790 verendum
972 2749 1041 2797 sit,
1083 2762 1131 2788 ne
1164 2747 1348 2790 volumen
1388 2751 1476 2806 ipso
1511 2749 1586 2792 Ge-

91 2843 230 2870 neseos
263 2828 364 2870 libro
396 2830 519 2873 multo
553 2832 719 2888 amplius
742 2830 846 2874 edas.
898 2830 1071 2873 Cunctae
1093 2839 1222 2872 tamen
1243 2833 1585 2889 interpretationes

91 2912 233 2968 triplici
266 2915 378 2969 quasi
411 2916 489 2956 acie
521 2917 664 2957 instrui
684 2923 866 2971 possunt.
915 2914 1069 2972 Agmen
1091 2914 1199 2958 ducit
1220 2930 1356 2959 eorum
1378 2918 1582 2967 sententia,
