1867 3301
795 198 890 244 251

97 355 175 398 qua
205 340 375 381 Davides
408 339 644 380 philistaeos
686 338 917 395 profligavit
955 335 998 390 (2
1029 337 1134 380 Sam.
1163 338 1211 388 V,
1245 337 1313 379 20.
1368 336 1385 378 1
1421 338 1590 395 Paralip.

97 424 201 473 XIV,
232 421 299 476 11)
334 425 386 464 ita
419 423 657 478 conjunctim
692 430 989 470 conmemorat,
1025 431 1069 463 ut
1101 424 1167 478 qui
1193 421 1367 463 Jehovae
1400 422 1591 463 auxilium

97 506 272 548 similiter
312 509 350 548 in
390 515 560 562 utroque
601 506 753 561 proelio
788 504 1004 547 exhibitum
1039 513 1208 561 putaret.
1271 505 1328 546 lta
1360 507 1460 546 enim
1494 507 1592 546 vati-

97 593 248 631 cinatur
281 588 483 642 (XXVIII,
511 586 606 641 21);
658 588 834 629 »Etenim
877 590 979 629 sieut
1019 590 1058 629 in
1101 597 1232 630 monte
1264 588 1417 630 Prazim
1457 597 1593 646 surget

96 673 267 723 jehova,
311 675 412 714 sicut
451 674 489 713 in
523 672 621 712 valle
660 686 786 728 prope
821 670 1036 713 Gibeonem
1079 671 1391 713 commovebitur
1423 672 1471 713 ad
1502 687 1592 728 pcr-

95 756 302 797 ficiendum
346 771 447 812 opus
488 770 622 805 suum,
671 753 740 795 sed
779 750 875 795 illud
915 769 1016 810 opus
1058 757 1130 796 erit
1168 758 1415 812 peregrinum
1457 764 1495 796 et
1533 757 1592 797 in-

97 848 290 880 suctun1.c‹
353 838 535 880 Profecto
574 854 656 880 non
689 841 741 879 ita
773 838 979 879 locuturus
1013 837 1087 879 suit
1117 839 1334 895 propheta,
1377 841 1409 880 si
1441 838 1590 880 facinus

96 922 258 979 aliquod
297 922 515 963 inauditum
555 931 593 964 et
632 937 701 979 per
739 937 778 962 se
810 923 849 962 in
882 921 1047 962 historia
1079 921 1224 963 Josuac
1256 921 1443 962 traditum
1476 931 1589 963 esset.

97 1004 149 1047 Ut
170 1005 310 1046 Davidi
335 1014 470 1047 contra
491 1006 740 1055 philistaeos,
764 1007 817 1045 ita
840 1004 984 1046 Josuae
1008 1013 1143 1046 contra
1167 1003 1419 1047 Canaanaeos
1440 1004 1592 1046 Jehova

97 1104 177 1129 non
218 1088 356 1129 dubias
399 1089 542 1130 tulerat
581 1092 805 1145 suppetias3
847 1089 910 1129 hic
948 1087 1145 1144 lapidibus
1186 1088 1387 1145 grandinis
1428 1104 1449 1129 a
1482 1089 1590 1131 coelo

96 1173 224 1213 missis
265 1172 526 1214 caedebantur
568 1173 723 1222 hostes,
766 1173 859 1222 illie,
902 1187 1023 1228 quum
1056 1171 1208 1213 Jehova
1246 1172 1380 1213 hostes
1415 1182 1459 1213 ut
1490 1187 1591 1229 aqua

94 1264 383 1312 perrumperet,
418 1256 598 1297 coelestia
633 1256 823 1313 quaedam
852 1258 982 1312 signa,
1017 1263 1062 1296 ut
1083 1254 1259 1312 fulgura,
1294 1257 1333 1296 in
1355 1255 1591 1297 Philistaeos

95 1341 213 1380 missa
252 1339 372 1380 fuisse
406 1347 560 1380 constat
581 1335 619 1392 ¹).
685 1338 776 1380 Scio
810 1354 892 1381 esse
927 1340 993 1395 qui
1026 1346 1167 1394 putent
1196 1338 1436 1395 Prophetam
1467 1341 1592 1396 respi-

96 1437 180 1463 cere
211 1422 260 1463 ad
291 1437 463 1479 pugnam
498 1422 626 1464 Gebae
660 1425 923 1472 commissam,
960 1436 1038 1478 qua
1069 1421 1240 1463 Davides
1262 1409 1499 1464 philistaeos
1532 1425 1592 1464 in-

96 1507 201 1562 genti
234 1505 339 1547 clade
372 1506 497 1547 affecit
530 1504 572 1559 (2
597 1505 701 1547 Sam.
723 1506 772 1556 V,
798 1505 884 1558 25).
950 1505 1030 1547 Sed
1065 1505 1180 1547 Geba
1212 1520 1291 1546 non
1325 1514 1384 1547 est
1418 1505 1589 1560 Gibeou,

97 1596 134 1629 et
165 1603 264 1645 quae
297 1589 343 1630 de
375 1589 472 1630 valle
504 1605 629 1646 prope
654 1588 868 1631 Gibeonem
901 1605 921 1630 a
943 1589 1072 1630 Jesaia
1096 1589 1379 1646 significantur,
1414 1598 1592 1646 spectant

95 1672 358 1728 proculdubio
407 1672 456 1713 ad
497 1673 632 1713 vallem
673 1672 916 1729 Ajaloniam,
965 1675 1064 1729 quae
1112 1674 1151 1713 in
1192 1664 1410 1729 fragmento
1450 1682 1589 1715 nostro

97 1758 277 1797 occurrit.
340 1756 542 1806 Fulmina,
577 1756 616 1797 id
650 1756 758 1813 quod
791 1771 906 1813 saepe
939 1756 1000 1806 Iit,
1043 1756 1271 1813 grandinem
1304 1756 1406 1797 illam
1438 1756 1592 1812 lapido-

96 1853 177 1879 sam
209 1841 247 1879 in
281 1855 415 1896 pugna
441 1839 640 1881 Gibeonea
673 1842 856 1881 comitata
889 1855 971 1881 esse
1005 1840 1147 1881 diserte
1178 1848 1369 1881 memorat
1389 1840 1590 1896 ‚Iosephus

98 1918 278 1979 (Antiqq.
298 1923 348 1972 V,
377 1922 412 1964 1.
447 1921 470 1976 ξ
498 1920 589 1976 17);
623 1921 738 1964 ἔνθα
769 1926 840 1964 καὶ
871 1920 947 1978 τήν
977 1922 1052 1964 τοῦ
1082 1923 1194 1965 θεοῦ
1217 1924 1463 1978 συνεργείαν
1484 1921 1591 1977 ἐμα-

96 2006 196 2053 θον,
236 2003 570 2064 ἐπισημήναντος
609 2003 742 2048 αὐτοῦ
781 2009 981 2061 βρονταῖς
1012 2022 1056 2046 τε
1088 2009 1159 2047 καὶ
1190 2006 1407 2061 κεραυνῶν
1437 2002 1591 2062 οῗφέσει

97 2091 166 2128 καὶ
188 2087 373 2144 χαλάζης
395 2092 623 2144 καταφορᾷ
644 2089 834 2144 μείζονος
855 2089 926 2145 τῆς
950 2090 1178 2145 συνήθους.
1217 2089 1400 2146 Idemque
1424 2099 1591 2132 testatur

95 2171 328 2213 Habacucus
370 2173 584 2229 propheta,
626 2173 746 2214 modo
780 2173 829 2214 ad
862 2174 966 2214 hunc
998 2174 1126 2214 locum
1158 2175 1377 2230 respexerit
1408 2171 1490 2226 (ΙΙΙ,
1520 2171 1589 2227 11)

96 2263 133 2295 et
163 2270 244 2295 non
275 2256 506 2312 generaliter
538 2256 588 2297 ad
619 2259 730 2314 signa
763 2256 916 2298 divinae
949 2258 1167 2313 potentiae,
1203 2271 1301 2313 quae
1326 2257 1518 2298 Israelitas
1551 2259 1590 2298 in

96 2338 249 2379 deserto
284 2339 603 2381 consolabantur.
652 2339 810 2382 Certum
845 2349 904 2382 est
926 2356 962 2381 v,
982 2339 1007 2381 3
1035 2355 1083 2382 ex
1105 2342 1272 2381 carmine
1296 2341 1428 2397 aliquo
1451 2341 1590 2382 Jasha-

95 2437 211 2471 rano,
247 2422 305 2463 vel
339 2422 454 2464 Deut.
479 2423 668 2474 XXXIII,
693 2424 718 2466 2
753 2424 811 2465 vel
845 2424 936 2465 Jud.
955 2424 1004 2473 V,
1028 2422 1056 2464 4
1090 2424 1149 2463 vel
1180 2423 1335 2464 Psalmo
1359 2424 1537 2473 LXVIII,
1563 2424 1586 2464 7

97 2504 344 2562 desumptum
368 2521 464 2557 esse,
489 2516 526 2548 et
547 2507 629 2549 fieri
651 2516 784 2564 potest
807 2516 849 2548 ut
867 2524 903 2549 v.
920 2506 967 2549 11
996 2521 1154 2563 quoque
1178 2522 1227 2547 ex
1248 2515 1386 2548 nostro
1410 2516 1589 2562 poemate

97 2592 332 2645 excerpserit
362 2591 577 2647 propheta3
612 2593 665 2632 ait
691 2593 811 2633 enim:
846 2590 964 2640 »Sol,
1000 2591 1110 2639 luna,
1146 2591 1255 2631 stetit
1278 2592 1315 2630 in
1344 2589 1587 2632 habitaculo:

199 2737 221 2777 ¹)
255 2736 364 2777 Quum
399 2737 560 2783 propheta
597 2740 822 2781 yranclz'nem
859 2743 1015 2783 tanquam
1050 2737 1190 2771 Divinae
1226 2738 1292 2771 irae
1326 2738 1587 2771 instrumentum

97 2800 210 2846 paullo
238 2807 312 2835 ante
339 2802 385 2844 (v.
405 2800 463 2846 17)
491 2809 805 2843 commemorasset,
840 2802 979 2849 colligas
1007 2802 1083 2836 lieet
1109 2803 1282 2836 victoriam
1310 2802 1466 2844 Davidis‚
1502 2804 1590 2836 sicut

96 2867 241 2908 domae,
275 2866 436 2912 grandine
469 2867 668 2902 fulminibus
696 2869 875 2902 commixta
903 2869 933 2901 in
967 2869 1082 2902 hostes
1111 2867 1253 2902 coelitus
1282 2868 1504 2903 descendente
1530 2867 1588 2902 ad-

93 2931 201 2976 jutam
229 2943 314 2967 esse.
