1867 3301
824 200 990 273 *58

214 341 392 398 equidem
425 341 576 391 dubito,
612 344 705 399 quin
739 341 859 382 effusa
892 341 1060 383 sexualis
1093 345 1290 399 appetitus
1323 342 1565 400 indulgentia
1594 358 1702 386 sum-

212 440 317 467 mum
350 428 401 466 sit
432 426 587 466 illorum
619 433 888 482 peccatorum,
924 439 1021 482 quae
1054 440 1104 467 ex
1129 429 1441 483 eoncupiscentia
1472 428 1700 484 profluunt3

212 511 470 566 perniciosius
503 509 614 566 gula,
648 511 904 565 perniciosius
938 511 1050 551 etiam
1084 510 1325 560 temulentia,
1359 519 1404 552 ut
1428 509 1537 568 quod
1565 511 1699 568 plures

212 593 373 634 morbos
406 602 444 634 et
475 595 646 634 miserias
679 592 826 634 mundo
856 588 1107 647 induxerit¹)‚
1140 594 1272 651 plures
1296 596 1441 636 animas
1463 595 1699 637 immortales

212 676 535 735 pessumdederit.

331 759 415 801 Jam
448 774 542 802 vero
585 774 836 818 quaeramus,
879 759 1208 821 quemadmodum
1248 760 1341 802 haec
1381 763 1573 803 enarratio
1607 776 1701 804 con-

214 846 316 885 cinat
348 859 433 885 cum
466 844 624 900 reliquis
650 843 942 900 Scripturarum
974 845 1081 894 locis,
1118 847 1183 901 qui
1218 844 1263 885 de
1295 845 1409 901 lapsu
1431 845 1599 887 hominis
1621 854 1701 888 tra-

215 937 337 977 ctant,
373 928 418 968 de
452 930 601 984 origine
633 928 722 969 mali
754 943 797 969 ac
827 930 995 984 peccati,
1039 936 1077 969 ct
1108 927 1154 969 de
1186 930 1412 969 tentationis
1444 909 1596 970 natura.
1658 928 1701 970 In

212 1014 347 1069 primis
381 1011 661 1052 examinandus
694 1020 753 1053 est
774 1026 911 1052 versus
943 1011 1003 1053 ille
1030 1013 1111 1067 jam
1145 1025 1258 1067 saepe
1290 1010 1484 1061 laudatus,
1519 1025 1598 1069 quo
1625 1010 1701 1054 So-

213 1096 317 1137 lomo
353 1095 538 1137 declarat:
585 1094 817 1136 »dumtaxat
857 1095 952 1144 hoc,
992 1094 1101 1144 vide,
1143 1095 1295 1144 inveni3
1342 1093 1467 1135 Deum
1504 1095 1701 1138 hominem

214 1179 347 1220 secisse
394 1186 570 1234 metzam)-
618 1179 671 1220 illi
710 1193 804 1219 vero
852 1180 1131 1235 (plaesiverunt
1170 1177 1311 1219 multas
1351 1178 1700 1221 machinationes«

212 1262 363 1304 Nomen
408 1263 556 1319 plurale
597 1252 830 1323 ΠἻΞΞΨΓἾ,
880 1261 989 1318 quod
1027 1262 1323 1318 praeter-hunc
1364 1262 1492 1303 locum
1533 1265 1702 1306 occurrit

213 1356 364 1388 tantum
404 1349 442 1387 iu
476 1346 501 1388 2
529 1346 619 1387 Par.
651 1326 806 1395 XXVI,
837 1344 910 1395 15,
951 1345 1106 1387 bellicas
1138 1345 1337 1387 machinas
1371 1345 1569 1403 designatg
1610 1347 1701 1389 hinc

213 1431 331 1473 malas
373 1439 473 1471 artes
514 1444 789 1487 quascunque,
841 1431 1123 1484 πανουργίας,
1165 1427 1335 1477 σκολίας
1373 1426 1561 1479 ἅπατάς,
1601 1444 1700 1487 quae

213 1516 366 1556 notioni
397 1516 564 1555 nominis
598 1511 694 1581 Ἷῖέἷῖ
725 1521 959 1570 repugnant.
1011 1512 1157 1554 Eadem
1188 1512 1303 1554 radix
1332 1514 1553 1570 implicatur
1584 1529 1701 1556 voca-

212 1597 307 1640 bulo
341 1592 581 1657 ΠἽΞΨΓἹᾨ,
616 1596 725 1654 quod
755 1599 794 1638 in
825 1599 955 1654 priore
984 1596 1219 1653 Fragmeuto
1253 1593 1457 1649 (Gen.VI‚
1482 1596 1525 1650 5)
1558 1612 1699 1654 pravas

213 1682 371 1723 humani
412 1661 540 1722 cordis
582 1682 837 1738 cogitationes
878 1679 1072 1723 describit.
1140 1679 1270 1721 Homo
1320 1682 1439 1737 igitur
1477 1679 1601 1722 factus
1642 1690 1701 1724 est

212 1774 360 1814 rectus,
403 1765 471 1806 sed
511 1765 644 1821 lapsus
685 1773 743 1805 est
780 1766 819 1805 in
859 1773 1060 1821 peccatum
1099 1772 1263 1820 propter
1303 1779 1414 1805 suam
1453 1767 1697 1821 pravitatem.

211 1847 302 1891 Non
342 1848 496 1890 aliunde
534 1863 648 1905 ergo,
691 1847 759 1889 sed
790 1850 1022 1889 intrinsecus
1057 1856 1142 1889 orta
1174 1857 1232 1889 est
1262 1848 1432 1889 hominis
1464 1851 1699 1905 perversitas

214 1941 251 1974 et
279 1934 481 1989 pernicies.
533 1930 651 1985 Quod
682 1931 784 1973 idem
817 1931 1024 1972 affirmavit
1056 1931 1103 1972 D.
1127 1931 1274 1973 Paulus
1309 1928 1375 1984 (ad
1397 1931 1512 1973 Rom.
1531 1931 1581 1982 V,
1609 1929 1698 1986 12):

216 2013 272 2058 δι’
304 2013 398 2065 ἑνὸς
437 2010 683 2069 οἶνθρίόπου
722 2011 748 2071 ἦ
790 2013 976 2069 ἁμαρτία
1015 2014 1073 2064 εἷς
1112 2013 1185 2056 τὸν
1223 2010 1382 2068 κόσμον
1420 2014 1594 2070 εἰσῆλθε
1629 2017 1700 2056 καὶ

215 2096 287 2140 δια
330 2101 402 2154 τῆς
443 2097 651 2154 ἁμαρτίας
694 2093 716 2140 ὃ
757 2098 968 2147 θάνατος.
1029 2098 1161 2156 Atque
1201 2099 1300 2140 hanc
1330 2100 1588 2156 perniciosam
1620 2098 1700 2140 cul-

211 2198 301 2240 pam
334 2184 565 2223 intrinsecus
600 2182 804 2223 oriundam
828 2197 877 2224 ex
899 2197 1010 2224 carne
1032 2183 1202 2224 humana
1222 2182 1410 2240 pendere,
1446 2197 1543 2239 quae
1566 2181 1698 2224 divino

214 2269 368 2323 spiritui
401 2274 613 2322 repugnet,
648 2274 842 2307 testantur
872 2267 1003 2322 plures
1035 2268 1072 2307 in
1105 2265 1220 2307 Novo
1249 2266 1487 2307 Testamenti
1519 2268 1699 2308 enuncia·

212 2352 351 2391 tiones.
400 2350 456 2390 Ita
488 2348 535 2390 D.
558 2349 704 2390 Paulus
729 2346 794 2401 (ad
820 2348 987 2399 Gatvl,
1012 2347 1076 2402 8):
1109 2347 1130 2390 ὁ
1155 2351 1336 2403 σπείρων
1357 2349 1416 2397 εἷς
1435 2346 1512 2404 τὴν
1534 2348 1699 2404 σάρκα

213 2430 345 2474 αὐτοῦ
387 2431 429 2474 ἐκ
469 2432 538 2487 τῆς
579 2429 769 2486 σαρκὸς
806 2433 972 2486 θερίσει
1012 2428 1249 2487 φθοράν·
1293 2429 1315 2472 ὁ
1349 2431 1396 2473 δὲ
1428 2433 1610 2485 σπείρων
1641 2432 1698 2479 εἷς

212 2514 259 2558 τὸ
301 2515 509 2570 πνεῦμα
548 2515 593 2556 ἐκ
633 2515 708 2556 τοῦ
746 2515 1048 2570 πνεύματος
1088 2516 1253 2570 θερίσει
1294 2512 1426 2570 ζωὴν
1465 2513 1696 2557 αἰώνιον.

211 2599 364 2642 Auctor
397 2599 422 2641 2
446 2599 529 2641 Pet.
561 2600 635 2656 Ep.
658 2599 692 2649 I,
717 2598 764 2640 4:
806 2602 877 2639 ἵνα
911 2595 982 2639 διὰ
1016 2598 1176 2640 τούτων
1205 2599 1391 2652 γένησθε
1421 2599 1578 2646 θείας
1609 2612 1699 2639 κοι-

213 2685 341 2725 νωνοὶ
382 2683 604 2737 φύσεως,
645 2679 943 2738 ἀποφυγόντες
978 2681 1049 2737 τῆς
1080 2680 1126 2723 ἐν
1156 2681 1326 2737 κόσμῳ
1357 2679 1404 2723 ἓν
1435 2679 1698 2735 ἐπιθυμίᾳ

314 2872 338 2914 ¹)
370 2869 577 2904 Confirmant
603 2870 722 2905 medici
749 2870 902 2905 morbum
929 2870 1057 2917 regium
1077 2881 1137 2904 seu
1155 2868 1355 2910 scrofulam,
1383 2869 1434 2902 cui
1453 2880 1571 2916 magna
1588 2869 1697 2903 nostri

216 2943 348 2989 generis
374 2953 450 2988 pars
479 2941 624 2976 obnoxia
652 2947 719 2985 est,
746 2953 786 2977 ex
811 2942 919 2977 abusu
946 2940 1074 2976 sexuali
1102 2942 1264 2988 originem
1290 2952 1384 2975 suam
1412 2940 1560 2975 duxisse.
