1867 3301
989 185 1089 231 238

961 353 1074 385 Sti-ephe
1096 354 1119 379 4.

900 422 922 447 Β
934 422 955 448 Α
967 421 992 447 R
1004 422 1027 448 Α
1039 422 1061 455 Q
1073 421 1096 447 U
1108 422 1130 448 U
1144 422 1175 448 S.

295 499 413 528 Jud.V.
444 500 504 534 [12]
539 489 644 546 Age,
678 503 768 545 age,
802 488 978 538 chora‚
1014 504 1104 546 age,
1139 504 1228 546 age,
1264 503 1415 531 carmen
1449 489 1560 532 cane!

934 594 1144 620 DEBORA.

461 665 504 700 [9]
538 654 705 696 Animus
738 670 846 696 meus
878 655 1001 697 fertur
1032 658 1072 697 iu
1105 656 1221 698 duces
1252 656 1415 705 Israelis,

536 739 580 780 In
613 754 678 780 cos
712 754 731 780 6
762 739 913 795 populo
948 741 1015 795 qui
1047 755 1087 781 sc
1118 748 1325 796 promptos
1358 739 1636 795 praebuerunt.

443 832 507 868 [10]
541 821 715 864 Laudato
737 821 947 872 Jehovam,
983 838 1054 864 vos
1085 825 1152 879 qui
1182 822 1366 863 asinabus
1390 822 1562 863 candidis
1586 821 1782 871 vehimini,

542 905 617 959 Qui
649 907 689 946 in
715 905 866 960 judicio
899 905 1055 955 sedetis,
1091 914 1128 946 ct
1158 905 1335 946 inceditis
1367 920 1438 960 por
1468 907 1572 955 vias3

445 998 506 1033 [11]
537 988 826 1037 Meditaminor‚
842 988 893 1029 ob
905 988 1032 1043 jubila
1050 988 1286 1045 lignatorum
1304 991 1404 1029 inter
1417 1003 1607 1045 aquarum
1621 987 1783 1029 diluvia!

539 1071 595 1112 lbi
627 1070 875 1112 celebrabant
905 1071 1186 1113 vindicationes
1219 1072 1404 1122 Jehovae,

540 1154 835 1196 Vindicationcs
867 1169 1061 1212 pagorum
1094 1155 1177 1211 ejus
1209 1157 1248 1196 in
1278 1156 1430 1197 Israclc.

542 1237 656 1279 Tunc
688 1237 737 1279 ad
767 1247 903 1295 portas
937 1253 1027 1280 suas
1060 1238 1176 1280 rediit
1206 1239 1381 1296 populus
1412 1238 1598 1281 Jehovae.

964 1350 1077 1384 Strophe
1098 1351 1121 1377 5.

904 1419 1178 1453 BARAQUUS.
1396 1460 1399 1464 Ι

447 1498 508 1533 [12]
540 1487 645 1545 Age,
680 1502 769 1544 age,
803 1487 980 1538 Debom,
1015 1503 1106 1545 age,
1139 1503 1229 1545 age,
1264 1502 1416 1530 carmen
1448 1488 1557 1530 cane!

938 1592 1147 1619 DEBORA.

544 1654 689 1711 Surge,
723 1654 921 1711 Raraque,
955 1654 1083 1696 adduc
1114 1656 1291 1711 captivos
1323 1663 1434 1704 tuos,
1468 1655 1523 1695 fili
1553 1653 1784 1696 Abinoami!

449 1747 511 1785 [13]
546 1738 660 1779 Tunc
693 1738 977 1780 descenderunt
1006 1740 1033 1779 ii
1065 1740 1132 1794 qui
1164 1738 1286 1779 relicti
1318 1746 1427 1779 crant
1457 1752 1686 1794 procerum3

545 1820 644 1863 Cum
676 1822 862 1863 heroibus
895 1824 989 1863 meis
1023 1820 1223 1862 deseendit
1251 1821 1425 1877 populus
1458 1820 1652 1871 Jehovae3

447 1915 511 1951 [14]
545 1905 841 1947 Desccndcrunt
872 1921 921 1947 cx
951 1905 1219 1961 Ephraimitis,
1255 1919 1424 1961 quorum
1456 1904 1566 1946 sedes
1599 1912 1658 1945 est
1688 1905 1788 1945 inter

1150 1987 1417 2044 Amalcquitas
1431 2003 1440 2038 3

543 2072 642 2114 Post
672 2081 729 2122 tc,
764 2072 986 2129 Bcnjamin,
1022 2086 1108 2113 cum
1139 2071 1290 2128 populo
1323 2079 1407 2122 tuo,

542 2155 606 2198 Ex
637 2156 854 2198 Machiritis
888 2154 1171 2197 descenderunt
1203 2154 1332 2204 duces,

543 2239 674 2296 Atque
706 2255 755 2280 cx
786 2239 1030 2281 Zebulonitis
1061 2246 1235 2279 tenentes
1267 2237 1450 2279 baculum
1480 2235 1741 2278 tribunitium.

448 2330 511 2369 [15]
546 2322 648 2364 Tum
681 2324 876 2379 principes
908 2337 957 2364 ex
987 2321 1229 2363 Issacharitis
1261 2329 1370 2362 erant
1401 2336 1485 2362 cum
1518 2319 1686 2370 chom,

543 2406 595 2448 Et
624 2405 902 2462 Naphthalitac
934 2419 1054 2461 aeque
1086 2419 1129 2445 ac
1159 2404 1365 2460 Baraquus

544 2489 645 2531 Eum
679 2491 906 2531 comitantes
938 2490 977 2530 in
1010 2487 1153 2529 vallum
1186 2502 1226 2529 sc
1258 2486 1489 2529 effuderunt.

969 2600 1082 2633 Strophe
1100 2598 1123 2626 6.

908 2668 1182 2702 BARAQuus.

544 2738 611 2783 Ad
640 2740 747 2781 rivos
777 2737 1064 2780 Rubenitarum
1093 2750 1233 2793 magna
1264 2744 1374 2777 crant
1404 2736 1519 2777 animi
1552 2734 1724 2776 consilia.

442 2832 516 2872 ’[16]
549 2824 677 2879 Quare
710 2822 912 2864 desidebas
944 2824 1043 2863 inter
1073 2820 1259 2877 repagula

548 2907 612 2950 Ad
643 2914 846 2964 pastorum
879 2905 1028 2948 fistulas
1060 2902 1302 2946 audiendas?
