1867 3301
857 184 920 231 69

143 329 223 368 ueri
239 323 277 379 ¹).
319 326 463 382 Nempe
487 328 518 365 is
543 333 602 366 est
623 319 646 365 ὅ
670 326 746 365 τοῦ
766 321 928 377 κόσμου
951 322 1094 378 ἄρχων
1110 308 1270 376 (luzum.
1288 322 1394 374 XIV,
1417 323 1473 366 30
1495 333 1533 367 et
1554 321 1633 378 al),

142 412 251 451 notio
286 408 474 466 quaedam
507 407 726 450 mundanae
749 408 966 463 nequitiae,
1002 422 1023 447 a
1045 409 1203 448 materie
1226 407 1422 462 sejuncta,
1457 407 1526 449 sed
1546 423 1636 465 pcr—

142 509 239 535 sona
262 493 428 543 donata3
463 492 672 548 exemplar,
708 492 867 546 specics,
904 499 941 531 et
963 491 1149 547 cogitatio
1172 492 1239 539 rei,
1267 504 1366 546 quae
1389 493 1429 532 in
1452 490 1635 533 omnibus

84 589 87 591 ’
143 586 331 626 versatur,
367 577 435 618 sed
468 577 642 631 sejuncta
675 576 862 615 exsistere
884 575 1032 629 nequit.
1082 572 1181 614 Nam
1204 588 1326 630 quum
1346 573 1519 616 mundus
1542 589 1635 616 con-

141 669 216 702 stet
240 659 478 709 hominibus,
515 661 582 715 qui
607 659 921 713 concupiscentia
945 664 1148 714 reguntur,
1183 672 1254 698 rex
1276 658 1396 713 hujus
1419 657 1556 699 mundi
1577 666 1636 699 est

141 747 214 785 ista
247 744 572 800 concupiscentia.
637 742 736 783 Hinc
770 749 907 786 auctor
940 739 965 780 2
988 738 1201 789 Petr.1,5
1243 740 1405 782 lectores
1439 756 1533 782 suos
1567 740 1637 783 ad-

140 835 270 868 monet
314 835 356 867 ut
388 828 509 867 vitent
554 825 626 880 ῑὴν
667 824 712 866 εἶν
749 824 807 881 τῷ
846 820 1021 879 κόσμῳ
1054 821 1099 864 ἕν
1139 821 1402 877 ἐπιθυμία
1441 823 1634 879 φθοράν.

141 911 219 953 Sed
262 911 356 951 haec
396 909 469 951 τοῦ
507 906 669 962 κόσμου
701 907 914 962 ἐπιθυμία
954 915 1012 948 est
1045 908 1159 948 etiam
1199 905 1411 960 ἐπιθυμία
1443 906 1636 962 σαρκός

141 993 248 1047 (Gal.
277 994 324 1043 V,
361 990 451 1046 16).
518 991 752 1034 Christianis
793 993 914 1048 igitur
953 1005 1041 1032 cum
1078 992 1247 1047 tricipite
1288 993 1436 1047 peccati
1475 989 1633 1033 cerbero

141 1077 402 1120 dimicandum
435 1084 493 1117 est
525 1090 659 1130 cen-nel,
701 1076 867 1128 m‘zme,
905 1084 943 1116 et
974 1074 1149 1116 diabolo.
1200 1073 1402 1128 Quatenus
1435 1075 1532 1116 haec
1561 1090 1635 1116 no-

140 1165 243 1203 mina
275 1161 448 1201 diversas
481 1161 628 1216 peccati
668 1160 840 1200 rationes
874 1174 917 1199 ac
947 1157 1088 1199 modos
1122 1157 1345 1216 designent,
1385 1157 1487 1199 infra
1519 1157 1635 1201 doce-

138 1245 285 1294 bimus,
331 1258 452 1300 quum
484 1242 534 1283 ad
567 1242 796 1298 decalogum
830 1241 1104 1298 explicandum
1137 1240 1367 1283 accedimus.
1430 1241 1506 1283 Hic
1538 1243 1633 1284 satis

138 1338 196 1370 cst
227 1327 395 1369 indicare
429 1325 760 1383 quen'iadmodum
792 1334 992 1381 tamquam
1024 1326 1098 1366 tria
1131 1327 1259 1382 capita
1289 1327 1359 1366 uni
1388 1325 1524 1383 culpae
1547 1340 1634 1368 cor-

137 1415 225 1470 pori
264 1413 533 1467 iujungantur.
598 1410 677 1452 Has
718 1424 810 1451 vero
855 1408 1052 1462 carnalis,
1101 1409 1321 1463 mundani,
1363 1418 1401 1451 et
1442 1409 1636 1452 diabolici

138 1498 284 1553 pcccati
322 1494 519 1537 illecebras
558 1496 598 1535 in
631 1494 943 1549 uniuscujusque
976 1493 1146 1534 hominis
1180 1492 1296 1534 eorde
1327 1495 1435 1534 nasci
1466 1501 1632 1535 testatus

138 1590 196 1622 est
225 1579 340 1621 Jesus
372 1581 476 1635 ipse,
518 1581 559 1619 iu
598 1578 685 1619 loco
720 1591 841 1634 supra
872 1575 1032 1618 laudato
1067 1573 1205 1629 (Marc.
1224 1575 1313 1627 VH,
1338 1560 1532 1630 21-23)
1563 1575 1633 1619 ubi

135 1660 188 1704 τὰ
221 1659 389 1718 πονηρὰ
420 1662 563 1704 πάντα
595 1676 645 1703 ex
677 1661 794 1702 corde
826 1661 999 1702 humano
1032 1662 1242 1717 provenire
1276 1660 1411 1712 docet3
1453 1659 1635 1702 eandem-

137 1762 212 1805 que
234 1747 452 1789 doctrinam
475 1747 640 1803 exponit
662 1753 800 1787 auctor
821 1744 1165 1801 locupletissimus,
1199 1744 1372 1786 Jacobus
1395 1744 1457 1786 ille
1477 1744 1630 1795 Justus,

137 1833 204 1888 qui
232 1830 435 1873 servatori
466 1838 604 1871 nostro
641 1838 717 1871 tam
752 1830 941 1886 sanguine
975 1842 1091 1885 quain
1124 1828 1326 1886 relligione
1357 1831 1526 1870 maxime
1558 1828 1634 1871 suit

137 1923 326 1972 cognatus
345 1911 387 1967 ²).
450 1914 519 1955 Ait
552 1914 612 1955 illc
647 1910 704 1966 (I,
733 1910 831 1965 13):
869 1911 1017 1967 μηδεὶς
1048 1907 1352 1967 πειραζόμενος
1384 1910 1536 1964 λεγέτω
1569 1910 1634 1952 ὅτι

136 1995 220 2039 άπὸ
266 1999 375 2039 θεοῦ
417 1995 680 2051 πειράζομαι.
743 1990 766 2036 ὅ
807 1992 890 2052 γάρ
930 1990 1040 2043 θεὸς
1072 1992 1326 2050 ἀπείραστός
1359 1994 1446 2036 ἐστι
1477 1994 1632 2045 κακῶν,

136 2079 321 2135 πειράζει
361 2080 408 2121 δὲ
448 2075 577 2128 αὐτὸς
618 2076 789 2120 οὐδένα.
857 2079 1029 2126 ἕκαστος
1069 2077 1116 2119 δὲ
1154 2077 1396 2135 πειράζεται
1434 2075 1518 2121 ὑπὸ
1560 2080 1632 2134 τῆς

136 2163 248 2212 ἰδίας
279 2163 577 2217 ἐπιθυμίας
599 2160 873 2217 ἐξελκόμενος
895 2164 965 2202 καῖ
989 2160 1305 2217 δελεαζόμενος.
1350 2163 1442 2203 εἶτα
1463 2160 1487 2217 ἢ
1510 2161 1630 2204 ἐπι-ἶ

137 2249 309 2301 θυμία
351 2245 626 2300 συλλαβοῦσα
663 2248 790 2288 τίκτει
822 2243 1113 2302 ἁμαρτίαν,
1153 2241 1178 2302 ἦ
1214 2245 1263 2288 δὲ
1295 2243 1487 2302 ἁμαρτία
1518 2243 1630 2289 dno-

135 2330 384 2372 τελεσθεΐσα
432 2327 611 2372 ἇποκύει
658 2327 920 2372 θάνατον.
967 2329 1068 2372 En!
1119 2345 1253 2393 omnes
1302 2332 1626 2380 circumstantias,

135 2430 233 2472 quae
265 2416 417 2473 lapsum
449 2414 591 2458 Adami
625 2412 925 2456 comitabantur.
982 2411 1041 2467 (3)
1077 2413 1155 2456 Sed
1186 2429 1308 2472 pergo
1344 2416 1519 2457 evincere
1551 2413 1628 2457 So-

238 2598 260 2641 ¹)
294 2596 344 2631 Cf.
372 2599 470 2632 etiam
498 2596 657 2632 1J0ann.
678 2597 729 2640 ll,
750 2596 811 2632 13:
837 2597 1034 2640 νενικήκατε
1060 2594 1128 2631 τὸν
1152 2596 1341 2643 πονηρόν
1368 2608 1442 2632 cum
1467 2596 1484 2632 1
1505 2597 1628 2634 Joann.

135 2662 176 2703 V,
197 2661 234 2695 4:
259 2662 331 2696 πᾶν
354 2660 389 2697 τὸ
414 2665 671 2710 γεγεννημένον
695 2664 732 2698 ἐκ
757 2664 814 2697 τοῦ
838 2662 926 2698 θεοῦ
950 2663 1031 2710 νικᾷ
1056 2660 1126 2697 τὸν
1150 2661 1326 2709 κόσμον.

236 2727 260 2771 ²)
293 2727 475 2770 Jacobum,
510 2741 614 2775 quum
649 2728 814 2764 vocabula
846 2728 1014 2776 δαιμόνια
1048 2727 1115 2771 (ΙΙ,
1143 2726 1200 2771 19)
1236 2733 1268 2762 et
1302 2727 1466 2774 διάβολος
1489 2729 1566 2772 (IV,
1591 2728 1628 2774 7)

135 2792 282 2834 adhibet,
311 2793 472 2827 carnalem
499 2799 608 2829 tamen
634 2796 760 2840 peccati
788 2796 950 2842 originem
970 2793 1159 2840 intelligere
1179 2799 1312 2828 constat
1331 2805 1372 2829 ex
1397 2794 1467 2837 ΙΙΙ,
1488 2793 1542 2836 15,
1569 2794 1627 2829 ubi

137 2858 391 2905 conjunguntur
416 2864 575 2905 tanquam
601 2860 790 2907 praedicata
816 2860 904 2895 idem
932 2859 1154 2906 significantia
1178 2860 1342 2906 ἐπίγειος,
1373 2860 1520 2907 ψυχική,
1549 2861 1628 2895 δαι-

133 2924 328 2970 μονιώδης,
356 2929 456 2970 atque
483 2936 523 2960 ex
550 2925 609 2968 IV,
628 2924 649 2960 7
677 2937 750 2961 cum
776 2923 1056 2972 Ephes.1v‚27.
1083 2925 1181 2962 Rom.
1199 2925 1286 2969 XII,
1307 2924 1350 2962 19
1377 2930 1579 2973 comparato.
