1867 3301
974 193 1075 240 320

278 341 376 374 sent.
421 331 520 374 Nam
552 332 722 374 Dathius
755 331 805 374 ad
835 341 1013 390 tempora
1044 335 1362 390 persecutionum
1395 331 1639 376 Saulicarum
1659 334 1770 377 Psal-

277 431 381 457 mum
415 425 589 474 spectare
622 425 762 458 censet.
822 416 1030 459 Maurerus
1064 432 1152 458 eum
1183 419 1223 458 in
1255 417 1394 458 exsilio
1427 417 1489 458 vel
1519 420 1648 460 statim
1681 427 1768 460 ante

278 501 459 542 exsilium
499 503 685 558 scriptum
727 499 952 542 arbitratur.
1028 501 1080 542 Et
1119 499 1234 542 nobis
1277 509 1414 543 auctor
1456 509 1515 542 est
1554 500 1598 543 C.
1628 502 1672 543 L.
1696 501 1766 544 W.

279 582 444 633 Grimm,
494 586 743 641 nuperrimus
791 583 879 625 libri
923 584 1159 626 Maccabaici
1207 584 1334 626 editor
1374 581 1576 642 (kurzgef.
1617 593 1766 642 exeget.

277 665 433 708 Handb.
458 682 492 708 z.
518 668 555 709 d.
579 667 812 725 Apocryph.
845 668 904 708 III.
928 668 1036 724 Lics„
1063 667 1186 710 1853.
1220 683 1259 724 p.
1278 665 1459 721 XXVII),
1492 668 1707 726 Hitzigium
1729 670 1770 710 in

278 754 554 793 commentario
595 767 668 794 suo
707 752 756 793 ad
787 752 964 793 Psalmos
1003 752 1106 793 illam
1147 755 1371 809 opinionem
1410 755 1627 803 recoxisse,
1669 767 1769 810 quae

277 834 382 875 hunc
413 835 611 877 Psalmum
652 836 701 877 ad
740 835 1030 878 Seleucidarum
1072 844 1235 879 aetatem
1274 836 1437 878 reducit.
1507 836 1646 878 Falsos
1685 850 1768 878 esse

276 919 387 969 istos,
421 921 660 961 verissimam
694 928 822 962 autem
855 934 937 961 esse
970 920 1073 961 tituli
1105 922 1232 961 nostri
1260 920 1523 970 traditionem,
1557 919 1663 961 haud
1695 919 1769 961 dif-

276 1000 374 1043 ficile
405 1006 478 1044 erit
509 1003 787 1045 demonstrare.
847 1003 890 1045 In
921 1005 1057 1060 primis
1090 1012 1216 1045 autem
1250 1004 1513 1061 quaerendum
1546 1011 1616 1054 est,
1651 1018 1770 1061 quae·

277 1100 365 1127 nam
408 1088 459 1127 sit
499 1102 542 1128 ea
580 1087 747 1129 historia
788 1102 887 1144 quae
924 1089 962 1128 in
1003 1087 1119 1128 titulo
1160 1088 1413 1145 significatur.
1476 1088 1620 1145 Liquet
1648 1089 1768 1144 igitur

277 1184 338 1211 res
370 1178 499 1226 gestas
522 1187 585 1214 eas
610 1187 704 1221 esse,
740 1186 839 1228 quae
871 1174 910 1212 in
944 1171 969 1213 2
993 1170 1097 1213 Sam.
1121 1171 1218 1221 VIII,
1257 1170 1275 1212 1
1301 1172 1467 1228 Paralip.
1490 1171 1628 1222 XVIII,
1663 1186 1769 1213 com-

277 1263 556 1296 memorantur.
621 1254 788 1306 Scilicet,
821 1264 867 1297 ut
897 1255 1098 1297 Michaelis
1131 1257 1195 1304 ait,
1226 1257 1290 1297 sic
1319 1270 1380 1296 res
1413 1263 1523 1312 gesta
1554 1263 1654 1297 erat:
1686 1270 1766 1312 quo

277 1346 453 1395 tempore
484 1341 525 1379 in
556 1337 721 1389 Arabia,
766 1339 883 1395 etad
914 1339 1153 1396 Euphratem
1189 1354 1274 1380 cum
1305 1339 1556 1380 Damascenis
1589 1347 1626 1380 et
1654 1337 1768 1380 Nesi-
1817 1394 1829 1401 ν

276 1421 386 1463 benis
408 1422 579 1464 Davides
610 1422 825 1480 pugnabat,
859 1425 984 1480 ipsam
1016 1438 1039 1463 a
1068 1431 1178 1480 tergo
1204 1422 1392 1464 „Iudaeam
1425 1425 1655 1464 invaserunt
1677 1423 1768 1464 Idu·

277 1508 393 1555 maei,
434 1506 731 1563 Hierosolymae
765 1509 1029 1556 imminentes,
1073 1521 1188 1564 quam
1230 1521 1370 1564 magno
1411 1515 1518 1548 metu
1557 1506 1765 1549 adflarunt.

275 1589 415 1647 Ingens
467 1590 661 1631 tumultus
710 1599 821 1632 ortus
869 1599 927 1632 est
973 1605 1027 1635 ex.
1068 1590 1138 1631 hac
1185 1592 1431 1632 inimicorum
1483 1591 1764 1647 conjuratione,

278 1687 394 1729 quam
417 1672 587 1714 Davides
619 1674 684 1714 Ps.
707 1674 750 1714 Il.
777 1682 909 1729 aperte
941 1672 1137 1715 describit.
1185 1673 1285 1715 Hine
1317 1674 1526 1715 sollicitum
1559 1683 1597 1715 ct
1627 1683 1767 1716 treme·-

277 1756 456 1798 bundum
497 1756 639 1798 Psalmi
683 1759 807 1798 nostri
845 1759 1104 1814 prooemium.
1169 1756 1249 1798 Sed
1289 1756 1382 1798 dum
1420 1757 1591 1799 Davides
1631 1758 1765 1800 hostes

278 1840 352 1882 sibi
392 1843 466 1897 ipsi
510 1842 718 1897 oppositos
766 1843 912 1898 ingenti
964 1841 1069 1882 clade
1116 1839 1373 1897 profligabat,
1421 1855 1511 1897 pars
1558 1843 1763 1891 exereitus,

278 1923 404 1965 Joabo
440 1924 536 1965 duce
558 1925 773 1966 secundum
795 1925 900 1966 hunc
920 1924 1063 1965 Psalmi
1085 1924 1256 1973 titulum,
1290 1924 1370 1973 sed,
1405 1926 1438 1965 si
1458 1924 1765 1981 Paralipomenis

279 2003 334 2060 (1,
359 2007 495 2057 XVIII,
525 2005 593 2061 12)
625 2008 740 2049 fidem
773 2007 878 2058 sacis,
913 2007 1084 2049 Abisaeo
1118 2007 1235 2050 fratre
1267 2008 1350 2063 ejus
1372 2010 1596 2065 imperante,
1630 2010 1670 2049 in
1691 2008 1766 2049 Pa-

277 2090 477 2132 laestinam
508 2094 650 2133 reverti
676 2092 801 2146 jussa,
834 2092 1052 2141 Idumaeos,
1086 2106 1207 2148 quum
1229 2093 1298 2132 vix
1329 2094 1447 2133 unius
1478 2092 1553 2133 diei
1573 2092 1635 2133 vel
1654 2091 1765 2133 bidui

276 2175 412 2215 itinere
445 2174 721 2231 Hierosolyma
752 2175 943 2225 abessent,
977 2183 1085 2217 tanta
1119 2175 1224 2216 clade
1257 2175 1391 2225 affecit,
1425 2184 1470 2216 ut
1493 2177 1616 2217 totius
1638 2177 1764 2232 gentis

277 2259 445 2298 servitus
496 2268 812 2316 consequeretur.
883 2259 1005 2300 Vides
1052 2261 1173 2316 igitur
1219 2259 1320 2299 hanc
1366 2259 1570 2300 historiam
1619 2260 1764 2315 optime

278 2341 469 2397 quadrare
500 2343 539 2383 in
573 2351 725 2398 apertas
758 2342 877 2398 hujus
910 2343 1053 2383 Psalmi
1086 2342 1380 2383 declarationes.
1431 2341 1634 2398 Significat
1663 2343 1763 2387 enim

276 2423 446 2466 Davides
489 2422 542 2478 (v.
571 2423 640 2478 10)
684 2441 724 2467 se
763 2426 996 2467 Philistaeos
1031 2426 1112 2481 jam
1155 2433 1268 2467 antea
1310 2425 1515 2475 devicisse,
1564 2424 1673 2482 quod
1714 2423 1764 2466 ad

277 2506 303 2548 2
328 2507 432 2549 Sam.
462 2523 492 2549 c.
517 2508 555 2549 V
585 2511 778 2564 pertinere
813 2510 894 2565 jam
934 2517 1046 2550 antea
1086 2508 1276 2559 vidimus3
1320 2523 1359 2549 se
1399 2516 1527 2549 autem
1565 2507 1762 2549 Moabitas

277 2599 315 2632 et
350 2591 554 2633 Idumaeos
594 2607 667 2648 pro
708 2595 830 2634 servis
869 2592 1011 2634 habere
1050 2606 1179 2648 posse.
1235 2591 1305 2632 *At
1344 2593 1383 2632 in
1424 2590 1524 2632 libro
1575 2591 1761 2632 historico

278 2671 357 2727 (vV.
387 2673 451 2724 12,
481 2672 548 2727 13)
580 2675 792 2725 Moabitae,
825 2676 1038 2724 Philistaei,
1070 2674 1240 2716 Idumaei
1273 2690 1349 2715 una
1377 2682 1664 2715 enumerantur.
1712 2672 1763 2715 Et

277 2772 313 2797 v.
341 2755 388 2798 11
426 2757 532 2798 haud
565 2758 729 2801 obscure
761 2761 889 2799 innuit
912 2767 1132 2799 montanam
1155 2757 1355 2799 Idumaeae
1377 2760 1573 2814 regionem
1597 2757 1760 2798 castellis

276 2842 464 2881 munitam
505 2849 543 2881 et
580 2841 738 2883 tributis
779 2841 990 2883 obnoxiam
1030 2840 1073 2894 (2
1096 2840 1200 2883 Sam.
1224 2841 1329 2890 VIII,
1359 2838 1440 2894 14).
1503 2840 1636 2897 Atque
1667 2840 1761 2881 haec

278 2925 406 2964 omnia
446 2932 539 2979 post
578 2939 767 2966 summam
808 2927 1041 2967 anxietatem
1082 2932 1119 2966 et
1157 2926 1358 2966 imminens
1390 2924 1605 2979 periculum
1637 2924 1754 2964 conti·
