1867 3301
757 199 829 270 72
838 198 866 244 4
874 198 902 244 5

319 345 434 381 Terra
454 350 554 379 mota
577 349 631 378 est
654 350 689 378 et
711 342 939 379 contremuit.

318 417 377 452 Tu
399 427 462 464 per
483 426 582 450 mare
605 413 880 463 ingrediebariS,
903 426 967 463 per
989 426 1102 464 aquas
1125 420 1247 451 vastas
1269 413 1476 459 incedebas,

317 488 390 524 Nee
412 487 591 534 reliquisti
613 487 769 535 vestigia
790 486 874 522 ulla.

316 560 480 603 Duxisti,
503 565 544 594 ut
566 570 736 606 gregem,
759 558 935 607 populum
958 564 1061 596 tuum

315 631 384 671 Per
406 630 531 667 Mosen
553 637 588 667 et
609 630 805 667 Aaronem.

100 762 149 802 Iis
182 763 250 817 qui
283 761 512 816 objecerunt
549 762 666 801 maris
699 750 809 801 rubri
842 758 1009 800 fundum
1041 760 1103 800 vel
1135 761 1288 801 eoraliis
1322 764 1445 802 acutis
1477 763 1600 818 impe-

102 844 224 885 ditum
265 844 326 885 vel
366 844 452 901 alga
491 845 725 900 impervium
765 857 868 892 esse,
916 844 1010 884 satis
1050 842 1237 884 refutavit
1273 843 1598 886 Rosenmiillerus

100 926 278 969 adhibito
321 926 499 970 Carsteni
540 926 748 968 Niebuhrii
793 926 839 967 de
881 934 1049 983 utraque
1094 942 1134 968 re
1176 929 1415 969 testimonio.
1478 928 1600 969 Deni-

102 1026 176 1068 que
216 1011 316 1052 idem
358 1010 530 1053 ostendit
567 1010 681 1051 talem
713 1012 906 1051 exercitus
938 1025 1008 1066 per
1038 1024 1143 1052 mare
1175 1010 1368 1052 vadosum
1399 1012 1599 1068 trajectio-

100 1109 187 1135 nem
229 1109 310 1135 non
355 1094 468 1150 plane
510 1096 592 1136 sine
636 1093 814 1149 exemplo
858 1108 962 1143 esse,
1013 1094 1334 1151 quandoquidem
1371 1094 1599 1137 Alexander

100 1192 170 1235 per
214 1192 319 1218 mare
367 1177 645 1234 Pamphylium
687 1174 860 1230 (Strabo
899 1177 1007 1227 XIV,
1042 1177 1067 1218 2
1112 1175 1217 1231 §9)
1267 1186 1305 1219 et
1346 1177 1479 1234 Scipio
1526 1193 1599 1234 per

101 1261 202 1302 vada
240 1261 289 1302 ad
328 1275 454 1302 novae
488 1259 739 1317 Carthaginis
778 1262 933 1301 moenia
966 1257 1076 1313 (Liv.
1098 1260 1254 1311 XXVI,
1279 1258 1362 1314 45)
1402 1263 1597 1304 exereitus

100 1359 195 1386 suos
228 1343 524 1385 conduxissent.
590 1343 709 1398 Quod
741 1343 787 1385 de
820 1345 1041 1400 posteriore
1075 1353 1217 1386 eventu
1249 1344 1430 1395 traditur,
1464 1344 1504 1386 id
1527 1359 1598 1387 ex-

100 1430 285 1470 amussim
325 1429 508 1469 convenit
546 1435 705 1468 nostrae
746 1427 947 1468 historiae.
1010 1428 1146 1469 Livius
1188 1429 1289 1469 enim
1326 1409 1398 1470 ait:
1448 1427 1598 1470 »adid

101 1511 211 1569 quod
241 1526 313 1553 sua
343 1519 505 1568 sponte,
540 1510 697 1552 cedente
728 1513 768 1552 in
793 1526 897 1552 mare
922 1519 1054 1561 aestu,
1089 1511 1320 1553 trahebatur
1344 1526 1466 1568 aqua,
1501 1526 1597 1554 acer

101 1597 222 1637 etiam
255 1595 486 1652 Septentrio
526 1601 638 1637 orcus
675 1594 917 1636 inclinatum
955 1601 1146 1651 staynum
1178 1595 1319 1638 eodem
1350 1610 1429 1654 quo
1463 1601 1598 1638 aestus·

89 1678 294 1738 ferebat.«

216 1760 332 1804 Nulla
364 1764 485 1820 igitur
517 1760 711 1804 dubitatio
745 1769 891 1803 restare
925 1761 1041 1804 debet
1072 1762 1119 1804 de
1152 1763 1339 1805 historica
1362 1762 1439 1805 fide
1461 1777 1595 1805 earum

98 1861 247 1896 rerum,
289 1861 388 1903 quae
427 1846 503 1887 hoe
543 1848 693 1887 cantico
735 1844 990 1888 celebrantur.
1057 1846 1244 1901 Quaestio
1287 1855 1415 1889 autem
1453 1849 1592 1898 oritur,

100 1945 271 1987 quonam
318 1938 493 1986 tempore
542 1930 637 1971 haee
683 1931 815 1970 ovatio
865 1931 1087 1985 conscripta
1127 1929 1273 1972 fuerit?
1324 1929 1594 1988 Nachtigallus

100 2016 219 2064 enim,
270 2028 386 2070 quem
423 2013 746 2055 Rosenmtillerus
795 2014 930 2055 citavit
969 2012 1018 2054 ad
1055 2013 1186 2055 Exod.
1217 2013 1308 2064 XV,
1344 2012 1380 2055 1.
1419 2029 1459 2071 p.
1492 2013 1591 2065 287,

99 2098 204 2139 hune
233 2098 444 2154 hymnum,
485 2097 637 2153 qualem
669 2110 774 2137 nune
805 2111 892 2138 eum
924 2097 1110 2154 legimus,
1144 2112 1166 2137 a
1195 2096 1309 2139 Mose
1342 2106 1380 2139 et
1409 2098 1593 2140 Israelitis

99 2181 346 2223 decantatum
386 2180 506 2222 fuisse
547 2180 691 2222 idcireo
731 2188 868 2236 negat,
912 2182 1004 2237 quia
1045 2181 1318 2238 longiusculus
1361 2183 1431 2232 sit3
1478 2190 1595 2238 putat

99 2267 219 2322 igitur
249 2267 379 2321 ipsum
410 2263 616 2306 ἐπινίκιον
647 2265 805 2305 nonnisi
837 2278 954 2305 versu
981 2262 998 2305 1
1026 2273 1063 2306 et
1085 2263 1136 2306 21
1166 2266 1410 2315 constitisse;
1443 2264 1594 2322 reliqua

99 2357 227 2390 autem
260 2350 439 2389 carminis
471 2348 657 2404 pleraque
681 2343 734 2401 (v.
763 2344 952 2401 11—17)
985 2362 1124 2390 aevum
1146 2348 1379 2390 Davidieum
1410 2348 1590 2405 prodere.

100 2432 174 2475 Cui
206 2431 386 2489 equidem
418 2441 578 2473 eatenus
611 2433 815 2481 assentior,
850 2431 960 2488 quod
993 2434 1123 2473 statim
1155 2441 1249 2488 post
1272 2432 1373 2473 hane
1392 2431 1593 2474 liberatio-

99 2531 184 2557 nem
217 2518 434 2558 existimem
468 2515 670 2557 mulierum
704 2515 868 2557 chorum
899 2523 1111 2572 praeeunte
1143 2515 1269 2557 Maria
1299 2516 1445 2557 nullam
1478 2516 1591 2557 aliam

100 2600 327 2642 cantilenam
358 2602 517 2642 iterasse
550 2614 666 2657 quam
689 2599 752 2640 illa
774 2598 894 2641 verba
916 2613 1015 2656 quae
1038 2601 1077 2640 in
1101 2614 1163 2640 vv.
1186 2597 1221 2648 1,
1247 2598 1299 2640 21
1326 2601 1589 2641 continentur.

98 2684 176 2733 Ita,
210 2691 255 2725 ut
286 2685 369 2740 ipse
403 2682 606 2733 observat,
639 2692 734 2740 post
754 2682 918 2725 Davidis
941 2683 1277 2737 γιγαντοφονίαν
1298 2683 1477 2725 mulieres
1501 2698 1591 2725 can-

100 2766 237 2808 tabant
277 2763 324 2819 (1
358 2765 463 2808 Sam.
493 2766 639 2818 XVIII,
672 2765 743 2821 7):
793 2768 1013 2823 »percussit
1054 2765 1198 2808 Saulus
1246 2766 1365 2808 millia
1412 2783 1503 2818 sua,
1553 2776 1591 2810 et

98 2850 227 2892 David
258 2864 349 2891 suas
382 2850 620 2906 myriadas«
666 2851 722 2892 Ita
755 2865 913 2908 quoque
945 2852 1045 2891 inter
1076 2858 1227 2892 veteres
1251 2849 1432 2901 Graecos,
1467 2866 1590 2908 quum

98 2936 268 2992 primum
300 2935 427 2977 victor
465 2934 605 2992 aliquis
642 2934 809 2992 palmam
844 2933 1049 2993 Olympiae
1080 2943 1339 2993 reportasset,
1381 2936 1475 2977 satis
1508 2943 1591 2977 erat
