1867 3301
817 229 880 275 33

101 384 221 427 quum
247 371 496 411 intemeratos
523 368 676 409 divinae
699 368 874 408 veritatis
901 366 1026 408 fontes
1051 347 1207 407 haurire
1230 374 1412 422 possent,
1447 366 1598 407 malunt

102 468 294 495 coenosos
326 453 519 494 humanae
551 452 789 493 inventionis
819 450 970 491 rivulos
995 449 1238 500 combibere,
1273 458 1311 491 et
1332 451 1596 506 superstitiosi

101 536 339 593 syllabarum
362 538 532 592 aucipes,
562 537 628 592 qui
652 549 762 577 suam
787 548 945 591 quoque
962 534 1172 591 Vulgatam
1198 533 1355 583 habent,
1383 547 1473 574 suas
1498 547 1597 590 quo-

102 635 176 677 que
210 620 458 669 traditiones,
496 634 577 660 non
610 619 886 661 ecclesiasticas
919 617 1002 659 illas
1036 616 1212 674 quidem,
1248 617 1315 658 sed
1350 631 1448 674 quae
1482 617 1598 658 simili

100 706 251 745 ratione
284 711 543 760 corrumpunt
564 705 765 744 veritatem
795 710 833 743 et
855 701 1093 743 subvertunt
1112 701 1241 742 fidem.
1291 700 1343 743 Ut
1365 700 1439 742 sibi
1462 699 1598 741 viden-

99 795 184 837 tur,
225 796 311 829 toto
355 787 463 829 coelo
503 786 778 835 dissidentes„
801 784 937 827 ambae
968 793 1099 826 tamen
1131 783 1319 826 sactiones
1353 786 1391 825 in
1425 799 1469 826 eo
1504 799 1598 825 con-

101 872 275 912 sentiunt
306 870 415 928 quod
447 872 671 912 interiorem
704 870 806 910 illam
840 869 968 911 cordis
1002 877 1040 910 et
1062 869 1319 910 conscientiae
1342 868 1595 924 relligionem,

102 968 201 1011 quae
232 956 272 995 in
303 956 378 1011 piis
412 953 595 995 omnibus
629 953 866 1003 dominatur,
901 955 976 994 nisi
1010 967 1097 994 cum
1120 953 1201 994 suis
1226 951 1481 1008 opinionibus
1505 967 1599 992 con-

100 1046 235 1094 gruat,
270 1038 381 1079 nihili
413 1039 657 1088 existimant3
697 1040 921 1094 quicunque
954 1039 993 1078 in
1026 1051 1098 1078 sua
1130 1035 1249 1077 verba
1275 1035 1410 1090 jurare
1443 1035 1596 1085 nolunt,

102 1123 252 1162 etiamsi
283 1123 322 1162 in
354 1120 470 1162 bonis
504 1120 690 1177 operibus
723 1129 853 1163 sancte
877 1119 1096 1170 ambulant,
1132 1134 1199 1161 eos
1225 1127 1469 1169 aversantur,
1505 1118 1599 1161 ode-

101 1212 213 1254 runt,
247 1213 285 1246 et
316 1203 468 1246 insenso
503 1206 631 1246 animo
665 1212 980 1262 persequuntur3
1014 1204 1225 1245 humanam
1250 1191 1462 1254 rationem,
1498 1203 1599 1245 divi-

101 1302 173 1329 nae
205 1303 321 1329 aurae
353 1288 605 1345 particulam,
642 1302 758 1344 quam
781 1288 853 1328 Dei
877 1287 1050 1344 Spiritus
1084 1288 1297 1338 illuminat,
1332 1289 1371 1328 in
1396 1288 1598 1344 relligione

101 1379 319 1414 versantem
353 1373 539 1412 conviciis
580 1373 842 1421 insectantur,
885 1371 1069 1428 denique,
1114 1380 1157 1412 ut
1189 1371 1453 1428 Sospitatoris
1486 1385 1599 1428 prae-

102 1463 256 1511 ceptum
280 1451 417 1508 (Marc.
440 1454 513 1505 IX,
539 1452 612 1508 38)
645 1457 831 1511 utrinque
863 1454 1129 1505 labefactetur,
1164 1469 1291 1512 neque
1324 1455 1402 1496 sale
1426 1469 1465 1496 se
1488 1457 1598 1511 ipsos

103 1537 314 1588 condiunt,
357 1553 482 1595 neque
523 1553 656 1595 pacem
693 1540 794 1580 inter
829 1553 868 1579 se
901 1547 1094 1581 exercent.
1159 1538 1245 1580 Jam
1278 1553 1371 1580 vero
1406 1536 1599 1580 Christia-

102 1623 217 1663 nismi
258 1624 420 1663 interest
458 1630 503 1663 ut
542 1630 750 1679 utramque
790 1624 1040 1679 patagiorum
1073 1621 1256 1663 familiam
1289 1637 1311 1663 a
1341 1621 1598 1679 praesepibus

102 1707 248 1747 nostris
289 1720 507 1755 arceamus,
551 1721 598 1747 ne
638 1715 773 1748 assuta
812 1706 876 1747 illa
908 1708 1074 1748 vestium
1118 1714 1346 1748 ornamenta
1376 1706 1493 1747 nobis
1528 1705 1599 1747 ob-

103 1788 264 1830 trudant
302 1804 375 1846 pro
419 1788 585 1831 candido
619 1798 657 1832 et
688 1790 915 1847 splendente
947 1789 1135 1847 byssino,
1178 1804 1257 1846 quo
1290 1798 1455 1846 propter
1479 1790 1599 1846 justi-

102 1874 195 1913 tiam
237 1881 461 1914 sanctorum
504 1887 544 1914 se
591 1876 792 1931 cooperiet
831 1873 1004 1915 Ecclesia
1046 1871 1197 1930 (Apoc.
1230 1873 1345 1923 XIX,
1386 1870 1450 1925 8).
1513 1873 1598 1913 Hos

102 1956 316 2012 relligionis
349 1963 624 2013 corruptores,
659 1959 727 2014 qui
749 1957 821 1998 Dei
843 1957 1007 1998 verbum
1038 1964 1325 2013 cauponantur,
1360 1955 1467 1996 haud
1489 1955 1600 1997 aliter

104 2038 414 2089 confutabimus,
458 2054 574 2096 quam
608 2043 639 2081 si
672 2040 721 2081 ad
753 2042 977 2083 interiorem
1010 2039 1237 2096 Scripturae
1270 2041 1472 2081 veritatem
1505 2053 1598 2080 con-

104 2121 311 2178 fugiemus.
374 2122 431 2163 lbi
473 2125 574 2164 enim
606 2123 827 2165 videbimus
860 2123 985 2165 Vetus
1021 2123 1315 2164 Testamentum
1347 2122 1464 2164 Novo
1506 2138 1599 2164 con-

104 2207 266 2247 trarium
305 2220 386 2247 non
418 2221 521 2248 esse:
562 2206 684 2263 legem
716 2207 930 2248 Mosaicam
969 2222 1050 2248 non
1083 2208 1123 2248 in
1156 2209 1408 2248 caeremoniis
1440 2221 1484 2248 ac
1514 2209 1599 2249 riti-

102 2288 199 2339 hus,
234 2291 396 2346 antiquo
430 2290 581 2346 populo
616 2289 893 2339 observandis,
929 2292 1172 2340 constitisse,
1207 2290 1277 2331 sed
1308 2292 1348 2332 in
1380 2305 1425 2332 eo
1453 2293 1598 2332 amoris

104 2387 196 2430 erga
232 2373 358 2415 Deum
402 2382 440 2414 et
479 2373 676 2415 hominem
718 2382 948 2431 praecepto,
999 2374 1108 2430 quod
1149 2372 1397 2428 Christianos
1439 2388 1599 2431 quoque

105 2456 316 2498 obstrictos
358 2465 475 2499 tenet.
539 2457 663 2507 Haec,
706 2457 801 2499 haec
841 2466 899 2499 est
937 2458 1002 2499 illa
1042 2458 1205 2499 coelitus
1247 2457 1414 2499 demissa
1449 2458 1534 2507 lex,
1577 2472 1599 2498 a

105 2554 182 2597 qua
213 2555 260 2582 ne
291 2555 370 2582 una
403 2540 560 2598 quidem
592 2540 763 2582 litterula
784 2550 853 2583 aut
874 2556 976 2598 apex
999 2540 1244 2597 praeteribit,
1280 2540 1404 2582 donec
1425 2549 1599 2582 transeat

105 2623 254 2664 coelum
287 2632 325 2665 ct
354 2632 458 2666 terra
491 2621 648 2677 (Manli.
672 2624 722 2674 V,
750 2621 833 2677 18).
895 2624 968 2666 Hic
999 2624 1179 2666 audimus
1217 2633 1371 2666 tenuem
1404 2625 1507 2666 illam
1541 2625 1599 2665 di-

105 2707 217 2747 vinae
251 2709 356 2749 vocis
396 2722 538 2749 sonum
572 2704 612 2760 (1
637 2707 734 2764 Reg.
757 2708 871 2758 XIX,
909 2707 982 2758 12,
1017 2706 1107 2761 13),
1152 2710 1219 2765 qui
1253 2709 1526 2750 conscientiam
1561 2717 1599 2749 et

106 2788 280 2830 stimulat
318 2799 356 2831 et
394 2791 622 2832 consolatur
655 2788 695 2843 (1
720 2790 863 2833 Joann.
886 2791 952 2841 ΙΙΙ,
982 2789 1185 2844 19-21).
1249 2791 1353 2833 Haec
1390 2799 1449 2833 est
1480 2791 1598 2848 digna

104 2871 292 2929 theologo
333 2881 370 2915 et
407 2873 650 2931 philosopho
683 2877 882 2925 materies,
923 2877 963 2916 in
997 2889 1074 2932 qua
1107 2873 1371 2916 elucubranda
1403 2875 1462 2916 vel
1496 2888 1599 2916 sere-

106 2970 175 2997 nas
207 2964 342 2998 noctes
371 2957 531 3014 vigilare
564 2957 714 3000 debeat.
762 2957 861 3000 Nam
892 2967 937 3000 ut
960 2957 1137 3001 Clemens
1159 2959 1453 3000 Alexandrinus
1486 2972 1599 3014 prac-

1291 3038 1313 3074 3
