1867 3301
959 202 1059 249 306

264 342 352 384 fecit
381 342 538 384 Psalmo
578 344 837 399 sexagesimo.
893 342 1124 384 Maestiores
1165 343 1249 384 illas
1291 343 1499 385 cantilenas
1537 344 1576 385 in
1608 343 1753 385 scholis

263 411 546 482 prophetarum
580 435 829 468 conservatas
865 441 968 476 esse,
1008 435 1046 468 et
1074 429 1281 468 memoriae
1316 426 1489 477 traditas,
1524 426 1754 484 easdemque

260 510 466 566 plurimam
514 513 589 566 piis
635 510 862 551 hominibus
903 512 942 551 in
985 511 1123 551 exsilio
1166 519 1205 551 et
1242 510 1452 552 afflictione
1491 509 1752 560 versantibus,

261 595 307 634 iis
347 596 575 650 praesertim
617 596 684 651 qui
715 593 920 650 Babylone
953 593 1135 650 degentes
1167 592 1347 635 Psalmos
1381 592 1542 635 Tsionis
1563 593 1757 636 ''recorda-

261 677 407 719 bantur
430 675 589 731 (Psalm.
611 676 854 727 CXXXVII,
881 676 915 728 1,
936 674 991 731 5),
1028 678 1335 727 consolationem
1356 676 1605 733 praebuisse,
1640 692 1753 719 nemo

261 769 320 802 est
352 764 447 818 quin
478 777 552 818 pro
587 777 627 802 se
659 764 742 818 ipse
771 762 1066 803 animadvertat.
1107 761 1235 803 Unum
1261 769 1385 802 tamen
1407 761 1604 817 proferam
1627 776 1756 803 exem-

258 845 387 901 plum,
422 853 467 886 ut
498 845 644 896 videas,
680 860 795 902 quam
830 845 903 886 alte
936 844 1099 886 Davidis
1123 845 1243 886 verba
1274 847 1313 886 in
1346 846 1526 886 exsulum
1558 844 1753 886 mentibus

259 928 486 979 insiderent,
521 937 559 969 et
591 944 760 985 quanam
792 931 944 970 ratione
975 931 1220 970 narrationes
1251 928 1360 969 fictas
1395 929 1441 970 de
1473 931 1554 970 suis
1577 931 1754 985 ipsorum

258 1011 375 1054 rebus
409 1028 458 1053 ex
498 1014 663 1068 poeticis
701 1015 797 1069 regii
830 1014 930 1053 vatis
963 1011 1231 1054 locutionibus
1264 1011 1475 1068 aliquando
1509 1013 1563 1053 illi
1596 1014 1755 1053 commi-

257 1097 512 1137 niscerentur.
568 1096 748 1137 Psalmus
777 1096 900 1146 LVII,
944 1097 1030 1153 qui,
1072 1098 1104 1137 si
1136 1096 1252 1137 titulo
1286 1095 1440 1145 credaS,
1477 1104 1754 1137 commemorat

256 1179 420 1221 Davidis
453 1182 683 1222 maestitiam
718 1195 839 1237 quum
871 1181 911 1220 in
943 1179 1141 1236 spelunea,
1178 1179 1287 1220 Sauli
1319 1180 1468 1222 vitandi
1501 1195 1629 1230 eausa,
1668 1180 1754 1221 lati-

258 1271 368 1312 taret,
403 1266 581 1305 miseram
614 1264 738 1306 futuri
769 1266 872 1321 regis
896 1263 1161 1305 conditionem
1183 1266 1360 1306 oratione
1382 1264 1566 1306 audacter
1585 1264 1752 1321 figurata

257 1349 312 1388 sie
345 1350 532 1404 exprimit
565 1345 618 1401 (v.
643 1345 708 1401 5):

308 1440 488 1477 Versatur
516 1442 612 1478 inter
640 1441 762 1478 leones
792 1441 869 1477 vita
897 1453 996 1486 mea,
1030 1441 1126 1477 inter
1152 1442 1256 1489 iynes
1273 1439 1517 1491 flammantes
1547 1452 1614 1489 ego
1644 1439 1750 1486 cubo,

308 1512 405 1549 Inter
432 1513 620 1560 homines,
661 1525 818 1562 quorum
855 1513 980 1550 dentes
1020 1514 1160 1562 spicula
1198 1519 1284 1549 sunt
1317 1520 1353 1550 et
1381 1514 1556 1562 sagittae,
1595 1523 1750 1561 quorum

970 1585 1096 1634 lingua
1126 1586 1268 1634 gladius
1299 1591 1354 1622 est
1385 1592 1527 1622 acutus.

344 1682 459 1724 Hune
491 1682 689 1723 Psalmum
723 1682 833 1723 facile
866 1682 1000 1723 credas
1033 1683 1188 1724 exsules
1221 1683 1308 1724 illos
1340 1682 1545 1738 Babylone
1579 1696 1750 1729 commo-

253 1774 384 1807 rantes
417 1768 517 1807 inter
539 1775 675 1807 cantus
701 1766 861 1807 Tsionis
894 1768 1067 1817 iterasse,
1101 1775 1146 1808 ut
1178 1781 1268 1807 suas
1300 1768 1425 1823 ipsius
1451 1768 1625 1807 miserias
1647 1765 1750 1806 relli-

252 1852 365 1907 giosa
398 1865 466 1906 spe
500 1850 811 1891 consolarentur.
859 1850 915 1891 At
947 1852 1104 1891 serioris
1138 1852 1221 1891 aevi
1255 1849 1392 1900 scriba,
1428 1864 1547 1906 quum
1573 1848 1619 1890 de
1640 1850 1750 1905 prin-

254 1935 383 1989 cipum
406 1933 647 1975 Judaeorum
682 1933 754 1975 sub
787 1931 1116 1975 Nebucadnezare
1149 1942 1187 1975 et
1218 1934 1338 1975 Dario
1371 1933 1554 1990 periculis
1587 1940 1625 1973 et
1654 1931 1749 1973 libe-

252 2016 472 2058 rationibus
513 2017 720 2058 historiam
760 2017 1070 2075 qualemcunque
1110 2017 1409 2075 excogitandam
1447 2018 1621 2074 putavit‚
1663 2015 1747 2056 illas

251 2100 414 2142 Davidis
447 2101 710 2157 metaphoras,
746 2116 845 2158 quae
877 2103 1052 2143 universi
1084 2102 1239 2143 exsules
1261 2109 1448 2157 tanquam
1470 2099 1545 2141 sibi
1565 2100 1747 2156 proprias

251 2184 523 2234 vindicabant,
564 2187 603 2225 in
643 2192 896 2241 portentosas
937 2188 1181 2227 narrationes
1215 2185 1420 2242 explicuit,
1463 2192 1501 2226 ct
1533 2197 1653 2240 quum
1686 2196 1748 2223 ca-

249 2268 417 2308 lumnias
435 2267 749 2324 Babyloniorum
772 2277 1105 2320 commemoraret,
1131 2269 1331 2311 Danielem
1354 2267 1510 2325 quidem
1532 2268 1572 2308 in
1590 2266 1747 2307 leonum

251 2351 404 2392 foveam
423 2351 694 2392 dimittendum
713 2349 906 2404 (Dan.VI,
923 2350 1006 2405 17),
1027 2352 1299 2394 Shadrachum
1318 2360 1444 2393 autem
1465 2359 1502 2392 et
1517 2349 1744 2393 Meshacum

251 2442 288 2475 et
309 2434 617 2492 Abednegonem
650 2437 689 2476 in
721 2435 918 2476 fornacem
951 2435 1149 2477 ardentem
1183 2435 1422 2490 abjiciendos
1456 2433 1572 2488 (Dan.
1593 2434 1652 2483 III,
1672 2430 1744 2486 21)

251 2520 414 2560 curavit.
477 2518 540 2559 Ex
578 2527 719 2560 natura
758 2522 814 2560 rei
855 2519 1012 2569 accidit,
1054 2528 1100 2560 ut
1139 2521 1372 2574 scriptiones
1411 2519 1538 2574 primo
1579 2518 1744 2574 privatis

248 2601 388 2642 usibus
423 2601 636 2643 destinatae
677 2603 879 2659 paullatim
918 2605 958 2644 in
991 2602 1132 2659 vulgus
1165 2602 1378 2658 prodeant,
1421 2600 1544 2642 donec
1573 2615 1644 2657 per
1676 2614 1744 2641 ora

252 2687 427 2726 virorum
450 2686 635 2737 volitcnt3
669 2686 778 2743 quod
800 2686 978 2743 equidem
1002 2688 1158 2727 canticis
1183 2686 1257 2726 illis
1281 2684 1443 2726 Davidis
1464 2685 1744 2740 poenitentiam

252 2776 290 2809 ct
329 2768 521 2824 abjectum
569 2771 739 2810 animum
781 2770 1066 2811 declarantibus
1107 2783 1186 2810 usu
1227 2771 1379 2810 venisse
1417 2766 1599 2809 arbitror.
1663 2765 1744 2808 Sed

253 2853 407 2893 minime
448 2852 657 2894 concludas
698 2852 787 2894 inde
826 2853 922 2894 tales
954 2852 1133 2894 Psalmos
1174 2854 1369 2909 principio
1409 2854 1449 2893 in
1486 2851 1742 2893 Jasharanam

251 2935 429 2992 syllogen
465 2935 605 2978 relatas
647 2950 749 2986 esse,
791 2944 835 2978 ut
873 2950 972 2993 quae
1011 2935 1190 2992 publicae
1221 2937 1440 2977 recitationi
1472 2933 1741 2977 accommoda-
