1867 3301
914 204 980 250 50

318 342 374 384 At
404 344 600 385 enimvero
634 357 784 384 summa
814 345 939 385 totius
971 345 1026 384 rei
1063 346 1101 385 in
1132 344 1276 402 triplici
1309 346 1586 401 imprecatione
1616 347 1689 387 rite

200 426 491 483 interpretanda
522 435 714 469 versatur.
777 425 876 468 Nam
907 435 986 469 tres
1018 442 1230 484 personae,
1268 430 1349 470 sive
1381 436 1560 485 agentes,
1603 430 1690 485 qui-

199 510 275 553 bus
317 510 448 553 drama
489 511 566 553 hoc
603 510 877 553 sustinendum
916 511 1103 562 traditur,
1144 520 1330 569 tanquam
1361 514 1416 553 rei
1449 520 1487 554 et
1519 510 1690 554 damnati

200 595 388 652 singulari
441 597 607 652 quisque
654 610 697 637 ac
741 596 906 652 proprio
946 604 1142 638 vexantur
1180 576 1443 638 incommodo.
1508 594 1689 653 Serpenti

200 681 320 729 enim,
363 681 431 735 qui
462 679 615 720 mulieri
646 687 896 736 persuaserat
926 687 972 721 ut
1002 682 1166 722 vetitum
1198 679 1366 722 fructum
1397 682 1483 722 viro
1517 694 1591 720 suo
1624 694 1690 721 co-

198 762 431 805 medendum
464 762 591 813 daret,
630 764 861 820 injungitur,
895 772 942 804 ut
973 764 1125 806 deflexo
1160 766 1284 821 capite
1316 763 1520 806 sordidum
1551 763 1690 820 pulve-

201 862 277 890 rem
317 855 509 904 perpetuo
554 846 735 897 devoret,
787 856 831 889 ut
869 856 1026 889 mutuas
1069 863 1155 890 cum
1194 848 1353 890 muliere
1393 849 1613 889 inimicitias
1652 855 1690 888 et

199 940 344 978 struat¹
366 940 404 973 ct
444 930 594 973 subeat.
657 931 802 973 Mulier
841 940 969 974 autem
1001 931 1051 973 ad
1081 932 1200 989 longa
1231 934 1461 989 gestationis
1493 931 1622 973 taedia
1652 938 1691 972 et

196 1016 471 1073 parturitionis
504 1015 658 1058 labores
693 1015 911 1064 damnatur,
946 1030 1045 1072 quae
1076 1017 1230 1057 tametsi
1261 1015 1465 1072 praevidet
1494 1014 1606 1065 mala,
1640 1013 1690 1056 ad

197 1101 271 1142 viri
304 1099 527 1156 amplexum
558 1114 711 1157 semper
741 1098 864 1142 libens
897 1099 1072 1142 reditura
1093 1101 1163 1150 sit,
1197 1100 1360 1156 ejusque
1383 1099 1690 1141 dominationem

197 1183 521 1241 redintegratum.
585 1184 764 1240 Denique
796 1185 858 1225 vir
896 1186 998 1240 ipse,
1042 1192 1088 1225 ut
1127 1185 1194 1241 qui
1234 1192 1313 1225 tam
1354 1182 1493 1241 cupide
1537 1181 1689 1224 oblatae

198 1268 393 1325 voluptati
442 1283 482 1310 se
531 1267 719 1317 dedisset,
771 1267 820 1308 ad
860 1267 1076 1310 molestiam
1116 1276 1155 1309 et
1192 1267 1376 1309 sudorem
1415 1269 1498 1324 agri
1537 1266 1688 1308 colendi

197 1351 434 1402 devovetur,
479 1360 516 1393 et
555 1366 677 1409 quum
718 1351 894 1393 divinum
936 1354 1118 1408 spiritum
1156 1360 1311 1394 terreno
1350 1352 1542 1408 appetitui
1576 1358 1689 1407 post-

196 1435 417 1486 habuisset,
452 1435 502 1477 ad
533 1450 649 1477 suum
679 1435 880 1493 pulverem
911 1444 1005 1493 post
1035 1417 1194 1477 brevius
1226 1437 1329 1477 vitae
1361 1436 1532 1492 spatium
1561 1433 1688 1475 redire

197 1522 363 1578 cogitur.
421 1519 540 1574 Quod
571 1519 621 1560 ad
652 1521 780 1561 virum
814 1518 1099 1577 foeminamque
1131 1521 1288 1571 attinet,
1324 1521 1417 1561 satis
1449 1527 1558 1576 patet
1587 1517 1688 1560 hanc

195 1605 512 1661 imprecationem
543 1605 755 1661 praecipua
786 1606 993 1661 utriusque
1025 1619 1145 1646 sexus
1176 1603 1425 1646 incommoda
1456 1601 1686 1644 describere.

195 1687 399 1730 Mulierem
431 1689 531 1729 enim
563 1689 603 1728 in
634 1687 836 1744 pariendo,
871 1690 999 1730 virum
1032 1696 1160 1729 autem
1186 1690 1224 1729 in
1247 1686 1504 1729 sustentando
1526 1685 1685 1735 liberos,

197 1773 365 1813 maxima
410 1773 512 1813 vitae
558 1771 687 1814 taedia
733 1770 910 1829 fatigant.
983 1771 1087 1813 Haec
1132 1774 1253 1830 igitur
1298 1771 1534 1813 narrationis
1578 1769 1688 1811 filum

197 1858 348 1913 egregie
381 1857 623 1897 continuant.
671 1855 778 1896 Nihil
811 1857 911 1896 enim
943 1858 1073 1912 aptius
1107 1857 1322 1912 excogitari
1352 1862 1495 1911 posset
1520 1853 1570 1895 ad
1591 1867 1688 1911 poe-

196 1954 285 1981 nam
323 1939 664 1997 protoplastorum
704 1954 791 1980 cum
824 1939 957 1995 culpa,
999 1954 1116 1996 quam
1148 1941 1188 1980 in
1221 1953 1259 1980 se
1292 1937 1546 1988 admiserant,
1590 1951 1687 1995 qua-

198 2022 398 2065 drandam.
454 2022 531 2077 Qui
561 2023 706 2080 gaudia
737 2024 952 2080 praesentis
986 2023 1106 2064 horae
1137 2031 1216 2064 tam
1248 2021 1387 2078 cupide
1419 2028 1684 2079 gustaverant,

196 2107 331 2157 iidem,
372 2121 442 2148 nec
481 2108 693 2161 immerito,
737 2108 953 2164 praesentis
993 2106 1114 2149 horae
1156 2106 1312 2148 dolores
1352 2120 1395 2147 ac
1425 2104 1580 2147 labores
1612 2103 1687 2146 sibi

198 2191 514 2232 conciliaverunt.
566 2190 637 2233 Sin
669 2190 719 2232 ad
750 2199 967 2248 serpentem
1000 2192 1232 2240 transimus,
1268 2198 1306 2231 et
1336 2189 1410 2232 sub
1434 2189 1510 2231 hoc
1530 2189 1685 2230 nomine

196 2289 346 2317 merum
385 2273 482 2315 illud
519 2273 660 2315 animal
696 2274 832 2330 reptile
864 2274 1135 2330 intelligimus,
1177 2274 1292 2330 longe
1323 2275 1446 2330 petita
1477 2273 1684 2329 explicatio

197 2373 279 2400 non
320 2357 563 2400 desideratur
603 2357 652 2398 ad
691 2359 924 2414 reptationis
963 2359 1208 2413 serpentinae
1241 2358 1430 2412 originem
1463 2364 1501 2397 et
1532 2369 1687 2397 causam

199 2441 473 2484 denotandam.
539 2439 655 2494 Quod
689 2455 846 2497 serpens
879 2455 1008 2497 prono
1041 2448 1175 2481 ventre
1207 2439 1363 2490 labitur,
1398 2439 1508 2496 quod
1539 2440 1578 2480 in
1608 2446 1687 2480 ter-

197 2541 292 2567 reno
325 2525 486 2582 pulvere
519 2524 733 2574 volutatur,
768 2524 807 2565 id
838 2539 919 2565 non
951 2525 1073 2580 magis
1105 2525 1246 2564 mirum
1278 2537 1395 2580 quam
1427 2521 1537 2580 quod
1559 2524 1685 2579 pisces

198 2611 239 2650 in
271 2623 372 2666 aqua
404 2616 558 2658 natant,
594 2607 703 2665 quod
734 2610 816 2649 sine
846 2609 1015 2665 pernicie
1047 2606 1173 2648 undas
1205 2614 1340 2663 aperto
1375 2621 1440 2648 ore
1472 2607 1684 2662 excipiunt.

198 2691 250 2735 Et
271 2694 303 2733 si
324 2694 505 2749 primitus
527 2707 700 2749 serpens,
733 2700 920 2748 tanquam
940 2691 1208 2749 plesiosaurus
1229 2689 1524 2746 qualiscunque,
1557 2697 1684 2730 erecto

201 2776 344 2832 capite,
388 2783 426 2817 et
458 2784 658 2831 quattuor,
700 2776 780 2825 vel,
816 2777 849 2816 si
879 2776 1021 2824 mavis,
1056 2782 1209 2815 centum
1240 2772 1408 2829 pedibus
1440 2771 1686 2830 perambula-

199 2858 285 2908 bat,
318 2873 399 2899 non
430 2867 559 2900 tamen
590 2858 734 2900 idcirco
767 2858 816 2899 ad
846 2858 1045 2900 mulierem
1077 2857 1414 2899 contaminandam
1437 2856 1526 2913 plus
1549 2855 1683 2898 valuit.

202 2940 332 2984 Ceteri
371 2943 472 2984 enim
510 2941 785 2999 quadrupedes
822 2941 923 2984 idem
953 2940 1077 2985 facere
1105 2943 1341 2998 potuissent.
1403 2939 1448 2985 Si
1475 2954 1606 2997 poena
1634 2938 1685 2980 ad
