1867 3301
52 329 121 357 Gen.
136 328 258 357 xxvn.
287 328 330 365 [ε]

286 496 329 531 131

286 663 329 699 [4]

287 913 330 950 [51

286 1166 330 1201 [6]

286 1250 330 1286 [8]

286 1333 329 1369 [9]

265 1669 329 1704 [10]

51 1813 121 1842 Gen.
139 1814 263 1844 xxm.
285 1817 330 1842 14.

265 1856 329 1891 114]

126 1924 239 1950 18-20.
265 1921 329 1958 [18]

266 2172 330 2208 [19]

265 2510 328 2545 [20]

266 2844 330 2880 [25]

833 174 908 246 89-

369 317 532 365 »Vides,
567 318 618 357 mi
640 315 713 365 fili,
750 329 807 357 me
831 329 959 356 senem
983 329 1087 364 csse,
1107 308 1153 355 ‘et
1174 315 1222 355 ad
1246 316 1490 371 incognitum
1517 317 1615 355 vitac-

976 399 1076 439 dicm
1107 412 1332 454 properare.

367 484 486 527 Sume
517 485 639 540 igitur
671 498 776 523 arma
811 491 895 531 tua,
931 482 1155 538 pharetram
1188 490 1226 523 et
1257 496 1410 530 arcum,

363 569 413 610 Et
444 581 585 609 venare
617 566 712 607 mihi
745 581 897 607 carnem
933 566 1115 615 ferinam,

364 653 394 693 E
423 667 501 708 qua
533 666 655 707 quum
688 649 877 691 ferculum
909 650 1026 699 illud,
1063 665 1141 705 quo
1177 649 1358 698 delector,
1392 649 1615 705 paraveris,

364 736 534 792 Appone
576 734 670 775 mihi
719 743 762 775 ut
796 734 936 787 edam,
986 733 1158 790 tibique,
1209 741 1418 789 antequam
1458 734 1614 781 moriar,

976 817 1243 859 benedicam«

363 903 538 946 Rebecca
580 917 672 945 vero
714 902 866 944 audivit
906 917 968 952 ea,
1012 915 1111 958 quae
1151 903 1314 943 maritus
1357 916 1453 942 suus
1486 900 1616 942 Esavo

975 994 1227 1042 praeceperat
1239 1001 1248 1035 ς

365 1072 496 1126 Quum
528 1073 648 1128 igitur
680 1072 712 1112 is
746 1070 795 1111 ad
827 1069 1050 1111 venandum
1082 1070 1261 1119 exiisset,

364 1155 554 1197 tIacobum
590 1155 634 1196 de
669 1169 713 1195 ea
746 1170 784 1196 re
818 1157 1022 1195 certiorem
1055 1153 1156 1195 fecit.

367 1239 460 1280 »Tu
495 1253 607 1288 vero,
642 1241 694 1279 mi
727 1238 828 1287 fili«,
863 1240 1010 1295 inquit,
1049 1237 1166 1278 »audi
1200 1245 1316 1294 atque
1352 1236 1487 1279 obedi:

365 1323 429 1365 Ad
460 1337 616 1380 gregem
651 1322 785 1364 abiens
819 1337 967 1363 arcesse
1000 1322 1095 1362 mihi
1125 1321 1214 1362 inde
1238 1321 1339 1363 duos
1362 1336 1507 1379 eosque
1530 1322 1618 1378 pin-

976 1421 1072 1463 gues
1106 1405 1267 1447 haedos.

363 1491 426 1532 Ex
458 1491 518 1532 his
552 1498 681 1532 autem
713 1491 816 1546 patri
848 1498 917 1531 tuo
952 1489 1142 1531 ferculum
1173 1490 1300 1539 istud,
1339 1505 1418 1547 quo
1453 1490 1618 1531 delecta-⁹

977 1582 1062 1623 tur,
1097 1572 1260 1630 parabo.

363 1659 449 1700 Hoc
471 1661 504 1700 ei
527 1673 716 1715 appones,
748 1667 793 1699 ut
814 1657 885 1699 tihi
908 1666 1117 1715 antequam
1140 1660 1332 1699 moriatur
1353 1657 1450 1701 hene
1474 1658 1616 1700 dicat«

363 1742 535 1784 Jacohus
569 1744 690 1799 igitur
722 1744 836 1783 matri
870 1742 1018 1792 attulit,
1055 1757 1153 1799 quae
1180 1743 1376 1798 jusserat,

363 1827 430 1869 Illa
462 1842 554 1868 vero
589 1826 778 1868 ferculum
812 1829 984 1883 paravit,
1020 1842 1099 1883 quo
1133 1827 1287 1868 Isaacus
1322 1826 1599 1868 delectabatur.

367 1910 496 1966 Quum
530 1919 659 1952 autem
692 1911 742 1952 ad
773 1920 922 1967 patrem
956 1912 1182 1952 accessisset
1213 1909 1406 1960 Jacobus,
1451 1926 1616 1967 eumque

972 2003 1136 2050 paterno
1156 1996 1313 2035 nomine
1332 1995 1614 2051 compellasset,

362 2079 426 2121 Ille
459 2078 615 2135 quidem
648 2080 925 2135 interrogavit:
961 2077 1084 2132 »Quis
1118 2086 1161 2119 tu
1195 2093 1254 2127 es,
1289 2080 1340 2119 mi
1372 2078 1476 2119 filil«

364 2162 595 2219 Respondet
625 2161 822 2203 Jacohus:
857 2161 967 2219 »Ego
1002 2176 1087 2203 sum
1120 2164 1406 2219 primogenitus
1440 2171 1554 2213 tuus;

364 2247 453 2288 Feci
484 2255 612 2287 autem
646 2248 747 2287 sicut
778 2246 873 2286 mihi
905 2248 1148 2302 praecepisti.

361 2331 563 2388 Agedum,
599 2330 707 2379 sede,
743 2339 780 2371 et
812 2329 969 2371 comede
1004 2330 1050 2371 de
1082 2329 1205 2371 ferina
1237 2345 1339 2379 mea,

366 2414 416 2457 Ut
447 2430 496 2456 ex
529 2414 645 2456 corde
677 2414 773 2455 mihi
804 2413 1055 2455 benedicas«

364 2500 489 2541 Porro
522 2499 677 2541 Isaacus
709 2500 885 2556 rogavit:
920 2498 1158 2553 »Quomodo
1193 2506 1271 2539 tam
1306 2500 1382 2540 cito
1412 2506 1548 2540 nactus
1576 2513 1614 2540 es

973 2581 1180 2638 praedam,
1214 2584 1266 2622 mi
1299 2582 1408 2623 filiP«

364 2666 438 2709 Cui
470 2668 550 2709 ille:
586 2666 713 2722 »Quia
742 2667 837 2708 mihi
860 2669 899 2708 in
921 2681 1078 2707 manum
1102 2665 1313 2708 adduceret
1333 2665 1486 2707 Jehova
1509 2667 1615 2708 Deus

975 2759 1107 2791 tuus«

366 2834 469 2876 Tum
500 2844 631 2892 pater:
667 2835 801 2878 »Affer
832 2835 976 2884 mihi«,
1012 2836 1159 2890 inquit,
1196 2842 1267 2876 »ut
1294 2834 1492 2876 comedam
1527 2834 1615 2876 seri-

974 2932 1063 2959 nam
1096 2926 1203 2959 tuam
1215 2950 1224 2967 ,
