1867 3301
844 181 933 226 101

145 328 238 367 ticae
271 326 478 381 prosapiae
511 325 620 379 orgia
651 331 792 378 postea
824 324 861 363 in
895 308 1365 363 dramatiea'Graecorum
1399 324 1510 377 poe'si
1534 323 1639 364 liaud

143 411 325 465 exiguam
365 410 442 448 vim
488 406 758 463 proferebant,
809 414 973 462 apparet
1014 414 1140 446 tamen
1182 420 1232 446 ex
1271 404 1550 461 mytliologicis
1592 406 1637 447 de

144 492 324 549 Orpheo,
366 492 550 547 Lycurgo
593 498 629 531 et
662 489 836 531 Pentheo
880 487 1178 538 traditionibus,
1222 503 1339 545 quam
1370 489 1482 528 inviti
1515 488 1637 531 sobrii

141 584 257 632 atque
290 575 484 632 elegantes
520 573 655 615 Graeci
695 572 958 615 turbulentam
992 573 1091 614 lianc
1122 572 1362 629 relligionem
1395 574 1635 628 acciperent3

141 659 320 716 idemque
352 661 406 700 rei
437 660 666 715 peregrinae
700 656 835 698 odium
858 656 1055 698 declarant
1076 655 1322 712 temporibus
1344 655 1636 712 posterioribus

140 758 274 785 severa
303 743 575 784 Romanorum
615 740 660 782 de
693 739 1004 786 Bacchanalibus
1048 739 1213 782 decreta.
1277 739 1381 780 Haec
1421 748 1550 782 autem
1587 740 1637 783 ad

138 835 302 869 aetatem
332 826 448 883 longe
480 834 574 882 post
605 827 874 881 insequentem
907 832 1096 880 spectant.
1153 822 1284 877 Quinn
1317 823 1393 864 hoc
1423 823 1453 865 F
1457 839 1635 881 raginen-

139 920 220 953 tum
250 912 377 968 primo
412 909 623 951 conflatum
657 918 734 958 est,
769 908 983 950 Bacchicus
1016 908 1078 949 ille
1111 907 1403 949 enthusiasmus
1430 916 1467 949 et
1490 908 1635 950 tumul-

138 1004 275 1036 tuosae
313 994 614 1051 pliallophoriae
653 992 780 1034 cultus
815 992 924 1034 sedes
957 991 1152 1048 Japeticas
1185 991 1363 1033 nondum
1394 993 1631 1033 invaserant.

139 1078 408 1121 Certissimum
440 1086 499 1119 est
530 1077 685 1118 foedam
717 1077 817 1117 hanc
849 1078 1141 1133 superstitionis
1174 1075 1360 1125 formam,
1397 1090 1496 1132 quac
1524 1078 1634 1133 geni-

138 1164 233 1205 toris
266 1161 449 1219 genitalia
481 1160 668 1202 nudanda
699 1169 737 1202 et
768 1160 925 1217 publica
957 1162 1141 1201 ovatione
1174 1159 1401 1201 deducenda
1433 1161 1633 1201 existima-

137 1247 209 1295 vit,
252 1259 429 1301 quaeque
469 1243 641 1286 libidinis
684 1246 933 1286 incitamenta
967 1245 1120 1300 jactans
1162 1243 1211 1285 ad
1250 1252 1390 1300 stupra
1429 1252 1564 1300 aperta
1595 1253 1633 1286 et

134 1330 397 1385 promiscuam
419 1330 670 1370 scortationis
695 1326 1020 1369 consuetudinem
1040 1329 1209 1369 munivit
1232 1329 1346 1377 viam,
1370 1329 1410 1368 in
1426 1326 1627 1384 Aegypto,

136 1412 279 1455 Chami
317 1421 435 1462 terra,
481 1411 706 1461 oriundam,
747 1411 1019 1468 metropolim,
1061 1410 1165 1452 unde
1199 1410 1626 1461 coloniasdeduceret,

133 1498 171 1538 in
203 1496 442 1546 Palaestina,
480 1496 669 1538 Carmani
699 1504 823 1546 terra,
859 1496 1123 1537 constituisse.

249 1579 336 1622 Hoc
366 1579 474 1622 fonte
507 1580 682 1622 derivata
714 1579 840 1621 clades
873 1581 913 1620 in
945 1579 1042 1620 alios
1074 1578 1249 1636 populos
1273 1577 1459 1629 defluxit,
1493 1581 1626 1621 invitis

132 1674 169 1708 et
201 1664 269 1706 diu
299 1663 558 1707 renitentibus
593 1663 748 1706 Graecis
783 1663 945 1720 aliisque
978 1662 1122 1719 Japetz·
1150 1664 1379 1719 prognatis,
1425 1662 1472 1704 ab
1505 1663 1627 1705 Israe-

130 1750 207 1791 litis
240 1757 386 1799 autem,
423 1750 490 1805 qui
522 1763 653 1791 veram
687 1746 830 1790 Shemi
859 1748 1102 1804 relligionem
1136 1746 1365 1797 tuebantur,
1401 1755 1627 1789 constanter

129 1833 353 1890 repudiata,
388 1847 459 1874 nec
491 1840 648 1889 accepta
680 1848 702 1873 a
735 1834 869 1873 ceteris
900 1831 1074 1887 ejusdem
1095 1833 1303 1888 prosapiae
1325 1830 1522 1888 gentibus,
1557 1833 1625 1887 qui

130 1932 151 1958 a
181 1919 310 1974 patrio
346 1917 453 1958 cultu
484 1917 664 1973 proxime
697 1916 872 1958 aberant.

247 2001 350 2042 Haec
381 2001 665 2057 interpretatiO,
701 2001 740 2041 ni
772 1998 898 2048 fallor,
934 2013 1086 2040 omnem
1118 1999 1211 2040 huic
1232 1998 1318 2039 loco
1344 1997 1623 2040 obscuritatem

130 2085 289 2134 ademit,
324 2093 362 2126 et
394 2086 506 2141 quasi
538 2092 650 2125 vetus
685 2082 944 2125 obvolucriun
967 2081 1109 2123 Sacrae
1133 2080 1360 2138 Scripturae
1395 2081 1522 2123 verbis
1557 2081 1623 2123 de-

129 2171 261 2211 traxit.
327 2167 547 2222 Quinetiam
588 2176 671 2209 tum
709 2168 785 2208 hoc
823 2175 904 2208 tum
935 2168 1116 2222 proxime
1150 2166 1379 2208 antecedens
1412 2165 1622 2224 Fragmen-

129 2262 210 2295 tum
242 2252 336 2294 dant
367 2253 531 2293 invicem
564 2253 839 2308 accipiuntque
879 2251 1015 2292 lucem.
1078 2249 1159 2291 Nec
1192 2249 1329 2292 dubito
1364 2252 1460 2307 quin
1492 2254 1622 2293 cuncti

126 2338 330 2395 peritiores
372 2337 596 2377 concessuri
636 2337 733 2384 sint,
785 2333 946 2387 (Vicani,
994 2333 1258 2390 Canaam'que
1298 2334 1451 2391 culpam
1492 2337 1532 2376 in
1573 2350 1618 2376 eo

126 2422 366 2469 constitisse,
419 2419 529 2476 quod
567 2419 720 2461 ethnica
765 2418 859 2459 hacc
899 2417 1042 2459 familia
1082 2418 1392 2459 abominationes
1432 2418 1618 2475 Priapeas

125 2504 332 2560 relligiosis
364 2502 504 2544 ritibus
539 2502 895 2551 commendaverat,
938 2511 975 2544 ct
1007 2509 1192 2559 cognatas
1225 2500 1367 2557 Japeti
1399 2501 1618 2559 Slzemique

126 2589 266 2643 stirpes
305 2589 344 2628 in
377 2586 479 2628 idem
509 2588 648 2628 vitium
681 2594 898 2628 tentaverat
933 2585 1127 2627 seducere.
1193 2584 1324 2639 Quum
1356 2593 1484 2627 tamen
1515 2585 1617 2627 illam

124 2669 315 2711 maledicti
351 2672 669 2727 imprecationem
710 2685 791 2711 non
830 2672 869 2711 in
903 2669 1048 2711 Clcami
1079 2668 1148 2710 sed
1182 2668 1369 2709 Canacmz'
1400 2678 1519 2726 caput
1551 2670 1617 2711 de-

125 2762 289 2795 testetur
328 2755 446 2795 trium
488 2753 651 2795 fratrum
683 2755 858 2811 genitor,
902 2753 996 2794 mihi
1028 2753 1207 2809 persuasi
1241 2751 1467 2795 Canaanum
1498 2768 1616 2809 πρω-

124 2838 384 2891 ταγωνίστην
429 2836 548 2879 fuisse
595 2840 635 2879 in
683 2838 758 2879 hoc
805 2838 995 2886 dramate,
1045 2836 1213 2893 ideoque
1245 2831 1294 2884 ‘D
1327 2839 1496 2900 κᾯῗη,
1540 2852 1612 2894 pro

125 2916 174 2968 “D
196 2924 308 2982 Ἶᾏζζ,
342 2921 570 2977 ponendum
592 2936 674 2964 esse
695 2930 790 2979 post
820 2925 952 2988 Ἱᾮζέ,
989 2918 1160 2963 Canaani
1192 2935 1335 2964 nomen
1358 2920 1613 2978 repetendum
