1867 3301
876 200 1063 269 *162

267 337 413 394 aliquid
449 338 501 379 ibi
534 340 719 378 momenti
751 337 800 378 ad
832 337 1074 393 relligionem
1106 340 1304 394 reperiret.
1369 338 1454 378 Hoc
1487 347 1758 395 argumentum

268 424 419 478 egregie
470 423 649 463 tractavit
691 421 922 477 Theologus
964 421 1302 471 transatlanticus,
1352 420 1548 462 Andrews
1586 420 1754 471 Norton,

267 520 380 561 quem
422 504 535 546 adeat
566 506 598 546 si
631 506 718 560 quis
753 503 939 545 fusiorem
975 503 1279 559 disputationem
1314 504 1509 545 desiderat
1542 501 1646 557 (The
1678 506 1758 545 evi-

266 589 405 630 denees
441 587 486 629 of
510 589 576 629 the
608 589 867 644 genuineness
892 587 937 628 of
953 587 1018 628 the
1044 586 1222 643 Gospels,
1258 587 1335 629 vol.
1359 588 1403 628 II.
1436 602 1503 644 pp.
1528 585 1615 629 464
1637 585 1755 644 sqq.).

264 671 321 713 Ne
362 673 423 714 ille
456 671 612 728 quidem
646 673 713 728 qui
745 671 868 712 libros
900 671 1053 728 Regum
1087 671 1332 727 compilavit,
1375 673 1443 727 qui
1475 670 1525 711 ad
1556 672 1757 712 minimum

265 756 525 813 quadraginta
572 770 696 796 annos
745 763 840 811 post
886 756 1122 811 captivitatis
1170 756 1323 815 initium
1371 756 1528 810 scripsit
1575 751 1626 807 (2
1658 754 1755 811 Reg.

262 838 394 889 XXV,
420 836 506 892 27),
540 839 662 880 111111111
696 838 813 879 alium
846 837 941 894 legis
974 837 1118 879 librum
1151 840 1339 895 cognovit
1370 852 1486 894 quam
1509 837 1758 880 Deuterono-

262 925 397 964 mium.
460 922 531 964 Ait
566 923 666 962 enim
701 919 744 975 (2
766 921 863 977 Reg.
887 921 993 970 XIV,
1019 918 1082 973 6):
1124 936 1287 963 ”eorum
1319 921 1421 962 filios
1454 936 1535 962 non
1566 921 1758 962 interfecit

263 1022 313 1048 ex
359 1006 443 1063 lege
482 1006 675 1055 Mosaiea,
727 1020 842 1061 quam
883 1004 1037 1046 ‚Jehova
1084 1004 1144 1045 his
1186 1003 1314 1045 verbis
1356 1004 1480 1046 dedit:
1527 1019 1609 1045 non
1649 1004 1758 1045 luent

261 1098 443 1147 parentes
482 1098 639 1145 peccata
678 1087 893 1129 liberorum
932 1102 1002 1129 nec
1039 1086 1151 1128 liberi
1182 1095 1412 1143 parentum,
1455 1087 1523 1129 sed
1555 1089 1616 1129 sui
1648 1089 1756 1149 quis-

263 1189 338 1230 que
371 1175 519 1230 peccati
551 1187 698 1229 poenas
733 1171 852 1213 dabit.
867 1188 883 1205 «
945 1171 1001 1212 At
1033 1173 1133 1212 enim
1163 1186 1257 1212 vero
1291 1171 1386 1212 haec
1419 1170 1537 1213 verba
1568 1186 1648 1212 non
1680 1172 1755 1212 nisi

262 1260 303 1298 in
343 1257 443 1298 libro
477 1257 692 1298 Deuteron.
724 1254 871 1305 XXIV,
910 1253 961 1297 16
1002 1255 1205 1312 leguntur,
1248 1270 1361 1311 quem
1393 1256 1611 1312 respexerit
1641 1256 1755 1296 etiam

261 1340 419 1382 Ezekiel
442 1337 490 1393 (c.
510 1340 649 1389 XVIII,
674 1338 713 1389 4,
739 1336 825 1391 20),
860 1341 928 1395 qui
961 1339 1097 1380 eodem
1129 1338 1206 1380 fere
1228 1347 1403 1395 tempore
1425 1340 1660 1380 vaticinatus
1683 1346 1753 1380 est.

263 1424 394 1478 Quum
426 1426 548 1480 igitur
578 1423 796 1464 Jasharana
828 1423 1017 1473 collectio,
1058 1437 1157 1479 quae
1188 1431 1373 1479 regnante
1407 1422 1621 1464 Solomone
1653 1421 1755 1463 edita

262 1516 339 1558 est,
373 1515 579 1564 praecepta
611 1506 822 1563 probitatis
850 1506 1003 1548 divinae
1028 1507 1244 1548 necessario
1269 1506 1512 1556 continebat,
1548 1520 1646 1562 quae
1673 1521 1755 1547 non

261 1592 333 1632 alia
368 1606 450 1632 0550
486 1599 690 1646 poterant,
735 1604 851 1646 quam
884 1604 983 1646 quae
1017 1589 1192 1640 Samuel,
1236 1589 1426 1640 Davides,
1469 1598 1507 1631 et
1537 1590 1753 1646 prophetae

262 1682 552 1732 cognoverunt,
597 1688 696 1730 quae
734 1676 847 1715 etiam
880 1675 919 1714 in
952 1672 1051 1714 libro
1084 1673 1382 1715 Deuteronomii
1414 1681 1588 1723 exstant,
1632 1687 1753 1729 quum

259 1758 411 1800 Miehas
443 1760 496 1799 ita
530 1760 620 1799 citet
652 1757 773 1798 libros
795 1756 1056 1798 Jasharanum
1079 1765 1117 1798 et
1137 1757 1486 1798 Deuteronomium
1510 1764 1556 1797 ut
1577 1758 1608 1797 si
1630 1771 1752 1797 unum

259 1842 402 1883 librum
437 1842 631 1891 volveret,
675 1849 822 1882 certum
863 1849 921 1881 est
959 1841 1109 1882 nullum
1150 1840 1257 1881 aliud
1293 1840 1511 1896 relligiosae
1542 1839 1751 1897 probitatis

260 1926 539 1967 documentum
578 1933 666 1966 ante
699 1925 938 1966 Judaeorum
981 1926 1243 1980 captivitatem
1284 1925 1323 1964 in
1361 1923 1573 1980 propatulo
1618 1922 1749 1973 fuisse,

259 2011 334 2051 nisi
374 2009 470 2050 illud
510 2011 639 2065 ipsum
674 2008 782 2065 quod
815 2010 854 2049 in
886 2007 985 2048 libro
1019 2008 1317 2049 Deuteronomii
1350 2009 1589 2057 continetur,
1632 2006 1752 2048 idem-

260 2108 335 2150 que
367 2093 585 2134 Jasharano
618 2092 719 2133 libro
753 2094 793 2133 in
826 2093 1018 2148 excerptis
1053 2091 1179 2132 saltim
1211 2091 1403 2132 inclusum
1436 2106 1531 2132 esse.
1582 2089 1625 2132 Si
1657 2090 1752 2132 haec

257 2185 465 2233 praecepta
505 2178 668 2217 seorsim
709 2178 749 2217 in
780 2175 851 2216 Dei
891 2175 1035 2231 templo
1074 2174 1410 2216 conservabantur
1431 2170 1476 2227 ¹),
1517 2173 1752 2230 prodierunt

256 2268 387 2301 tamen
419 2275 468 2301 ex
499 2268 608 2316 parte
641 2261 679 2300 in
712 2259 912 2316 publicum
946 2261 1089 2315 stipata
1127 2267 1164 2300 et
1195 2258 1462 2315 conglutinata
1495 2272 1582 2299 cum
1615 2258 1749 2298 ceteris

257 2343 464 2385 Jasharani
502 2344 759 2399 syntagmatis
793 2341 1050 2391 carminibus,
1092 2341 1202 2398 quod
1233 2341 1293 2382 vel
1326 2342 1414 2382 inde
1448 2341 1615 2383 deducas
1648 2341 1747 2390 licet,

258 2427 367 2484 quod
399 2428 431 2468 is
465 2428 533 2482 qui
564 2427 819 2467 recentiorem
846 2425 1141 2466 Deuteronomii
1174 2424 1383 2466 editionem
1416 2426 1571 2481 paravit
1602 2426 1749 2466 cantica

360 2579 383 2623 ¹)
417 2578 556 2613 Librum
575 2578 799 2613 Jasharanum
819 2576 927 2612 fuisse
946 2575 1030 2610 illud
1049 2576 1159 2621 ipsum
1179 2575 1436 2619 documentum,
1461 2576 1551 2623 qnod
1570 2578 1602 2611 in
1620 2573 1746 2624 templo

258 2649 495 2684 asservabatur
521 2655 663 2684 testatur
690 2649 845 2684 chaldaea
872 2649 1017 2683 nominis
1044 2648 1131 2706 Ἶῐζῖζ
1154 2649 1382 2693 interpretatio
1411 2648 1527 2694 (supra
1552 2648 1746 2695 Prolegom.

257 2731 288 2767 p.
308 2719 368 2764 24)
396 2726 427 2755 et
455 2720 628 2755 confirmat
655 2720 898 2767 quadamtenus
924 2719 1097 2765 Josephus
1125 2719 1283 2764 (Antiqq.
1303 2720 1345 2760 V,
1366 2718 1420 2760 17,
1447 2718 1464 2764 ξ
1487 2718 1542 2763 1):
1576 2719 1626 2754 ὅτι
1651 2719 1688 2754 δὲ
1711 2717 1746 2754 τό

255 2792 367 2839 μῆκος
397 2792 453 2835 τῆς
485 2790 618 2840 ἡμέρας
650 2793 797 2826 ἐπέδωκε
829 2791 899 2826 τότε
932 2790 993 2825 καὶ
1020 2790 1077 2824 τοῦ
1102 2790 1271 2833 συνήθους
1295 2789 1476 2824 ἐπλεόνασε
1502 2790 1662 2833 δηλοῦται
1686 2789 1746 2824 διὰ

256 2862 323 2897 τῶν
350 2862 592 2908 ἀνακειμένων
616 2865 654 2897 ἐν
678 2864 722 2909 τῷ
749 2862 833 2911 ἱερῷ
852 2861 1083 2911 γραμμάτων,
1110 2861 1167 2895 ubi
1185 2861 1307 2896 librum
1327 2864 1412 2921 ἾΨΞ
1429 2860 1587 2909 intelligit
1602 2862 1744 2907 Masius,

257 2933 313 2970 alii
340 2939 449 2969 autem
478 2933 518 2969 de
544 2932 630 2968 libro
656 2934 785 2970 Josuae
811 2934 986 2980 accipiunt.
