1867 3301
828 205 889 251 19

109 345 252 386 dantur
292 345 460 386 annales
492 344 552 385 vel
593 343 871 400 eplcemefzdes
913 340 1089 396 (ΠἾὩἾΓἹ
1129 346 1250 413 ἾἾΞῖἾ
1295 341 1420 405 550)
1462 360 1605 400 resszcm

106 427 425 470 Israeli‘tecomm
458 424 512 481 (v.
537 424 610 480 39)
645 427 705 468 vel
738 425 997 468 Jaclaeomm
1029 424 1133 481 (16)
1189 427 1245 469 At
1277 444 1369 468 vero
1404 430 1467 468 isti
1500 428 1601 478 libri,

108 513 301 568 ceterique
334 511 506 567 ejusdem
538 513 710 567 generis,
757 509 805 551 ad
845 525 906 551 1es
939 519 1068 567 gestas
1102 512 1237 567 potius
1271 525 1387 567 quam
1421 510 1470 551 ad
1502 511 1604 551 relli-

105 596 241 651 giosos
274 594 543 636 Hebraeorum
583 609 720 636 sensus
754 603 1026 649 respexerunt.
1093 593 1170 647 Qui
1203 609 1294 635 sane
1327 596 1359 635 si
1393 594 1603 635 etiamdum

106 687 355 734 superessent
387 677 512 718 susius
545 677 660 719 nobis
694 677 953 726 declararent,
988 677 1148 718 ubinam
1181 680 1221 719 in
1255 678 1407 719 deserto
1433 677 1603 718 Arabiae

105 761 365 803 subsisterent
385 761 600 810 Israelitae‚
637 769 737 817 quot
767 760 867 807 bella
899 760 1175 818 profligarent,
1211 770 1311 817 quot
1335 770 1469 818 gentes
1497 761 1604 807 devif

105 853 253 894 cerent,
295 844 413 886 urbes
452 853 657 900 caperent,
704 844 809 901 quali
847 852 985 900 postea
1026 844 1234 900 splendore
1276 860 1385 902 reges
1425 847 1603 901 ipsorum

104 930 299 978 viverent,
345 927 581 984 quibuscum
620 927 781 984 populis
823 929 1053 968 commercia
1093 937 1328 970 exercerent.
1395 928 1502 982 Quae
1541 944 1602 970 res

103 1019 149 1052 ut
185 1013 354 1068 pretium
395 1026 511 1052 suum
551 1010 741 1061 habeant,
783 1025 909 1067 neque
950 1010 1080 1052 fructu
1124 1011 1295 1067 quodam
1328 1012 1388 1052 vel
1421 1012 1471 1053 ad
1500 1013 1603 1053 relli-

103 1097 260 1151 gionem
302 1095 503 1135 colendam
542 1103 716 1144 careant,
766 1093 1082 1136 Christianorum
1124 1102 1253 1136 tamen
1295 1095 1385 1151 plus
1426 1098 1600 1145 interest,

103 1186 149 1219 ut
178 1178 315 1218 ultima
347 1177 545 1219 Hebraeae
583 1180 737 1234 pietatis
773 1178 958 1219 elementa
991 1180 1259 1234 expiscemur,
1280 1226 1284 1230 ,
1304 1194 1382 1235 quo
1416 1179 1528 1220 reddi
1559 1194 1603 1220 ac

102 1261 276 1302 resoluta
317 1260 451 1302 referri
490 1264 646 1318 possint
688 1263 898 1302 commixta
934 1262 999 1302 illa
1030 1262 1196 1303 traditae
1230 1264 1441 1318 sapientiae
1474 1262 1600 1304 effata.

105 1343 223 1398 Quod
262 1359 341 1400 quo
376 1345 610 1386 cumulatius
645 1344 903 1394 effecerimus,
948 1360 992 1385 eo
1026 1348 1192 1401 propius
1227 1346 1276 1386 ad
1308 1348 1482 1402 integros
1514 1345 1603 1387 fon-

103 1436 160 1469 tes
194 1427 373 1470 accedere
405 1428 537 1470 licebit
567 1436 684 1485 atque
714 1428 892 1478 haurire3
927 1443 972 1469 eo
997 1430 1185 1470 sincerius
1209 1429 1464 1485 depascemur
1485 1444 1602 1471 aurea

107 1511 171 1552 illa
205 1511 306 1554 dicta

368 1583 527 1625 »Aurea
557 1592 747 1640 perpetua
780 1599 932 1641 semper
964 1585 1192 1642 dignissima
1224 1586 1328 1626 vita«

103 1694 147 1720 eo
182 1681 384 1720 certiorem
417 1681 592 1720 veritatis
626 1679 779 1721 divinae
813 1675 1020 1722 obrussam
1055 1683 1343 1730 nanciscemur,
1379 1695 1424 1721 eo
1458 1681 1599 1721 clarius

102 1777 145 1802 ac
178 1762 399 1804 distinctius
432 1763 635 1805 audiemus
670 1764 873 1805 coelestem
905 1765 1008 1806 illam
1040 1779 1195 1814 vocem,
1238 1779 1336 1820 quae
1368 1779 1439 1820 per
1470 1773 1599 1805 totum

100 1841 320 1887 Bibli'orum
353 1855 582 1888 concentum
615 1846 760 1904 ubique
791 1857 970 1898 resonat,
1005 1857 1042 1890 et
1065 1851 1177 1905 quasi
1198 1848 1358 1904 pallium
1381 1856 1598 1905 retegentes

102 1931 140 1970 in
172 1931 258 1986 ipsa
291 1930 438 1971 oraculi
470 1931 684 1986 penetralia
716 1933 819 1972 viam
851 1932 966 1973 nobis
1000 1935 1230 1988 aperiemus.

126 2002 129 2005 Δ
219 2013 278 2055 Ac
309 2014 403 2054 mihi
437 2014 594 2070 quidem
625 2017 877 2072 propositum
909 2024 968 2057 est
1001 2025 1044 2057 ut
1077 2015 1339 2057 demonstrem
1361 2015 1597 2071 relligiosam

103 2095 243 2137 Sacrae
276 2096 502 2153 Scripturae
541 2098 750 2139 medullam
784 2101 823 2139 in
855 2098 955 2140 libro
988 2099 1208 2140 Jasharano
1243 2100 1452 2148 contineri,
1494 2113 1597 2139 eam-

102 2193 176 2235 que
209 2181 361 2221 criticae
392 2182 556 2222 rationis
591 2196 665 2238 ope
698 2182 889 2224 enucleari
920 2197 1039 2238 posse
1072 2191 1189 2239 atque
1221 2184 1259 2224 in
1282 2184 1488 2238 pristinam
1516 2181 1596 2223 for-

100 2277 200 2304 mam
235 2263 518 2320 quadamtenus
551 2267 707 2307 restitui
739 2280 783 2307 ac
813 2266 1084 2323 redintegrari.

1258 3002 1306 3037 2*
