1867 3301
939 195 1037 244 202

241 342 399 380 innuere
431 346 575 395 potest,
610 338 827 379 conductos
860 337 1033 378 mercede
1066 338 1228 379 colonos
1260 338 1501 394 praebuisse,
1540 348 1578 380 et
1608 352 1730 396 quum

242 437 378 479 agrum
409 421 660 463 Esdraelonis
694 420 971 462 fertilissimum
1006 420 1218 471 obtineret,
1257 422 1439 462 maluisse
1471 422 1729 479 agriculturae

241 520 356 562 quam
387 505 489 546 bello
524 519 681 560 operam
714 504 818 545 dare.
867 504 922 545 At
943 519 1035 545 vero
1061 519 1182 561 quum
1205 504 1254 545 ad
1278 505 1380 546 fores
1403 506 1528 561 ipsius
1549 505 1729 547 Deborae

240 590 424 645 auspiciis
471 596 691 644 pugnatum
737 596 836 637 crat,
885 590 918 629 is
971 602 1129 644 quoque
1177 587 1304 629 officio
1354 603 1427 629 suo
1476 603 1557 630 non
1607 588 1730 631 defuit

241 669 348 724 (Jud.
367 671 416 720 V,
437 668 519 725 15).
560 670 810 713 Vocabulum
832 675 1045 739 ΠἿᾏΞΨῺ
1064 673 1190 713 varias
1214 674 1555 728 interpretationes
1572 681 1729 714 nactum

240 764 309 796 est.
381 755 519 796 Potest
558 757 695 811 utique
743 735 1205 812 significare'aquarwn
1245 756 1425 809 canales,
1467 756 1515 797 ab
1554 754 1726 798 Arabico

238 849 356 888 ,Λὶψ
402 839 517 891 bibit,
563 847 679 893 atque
720 841 774 879 ita
814 847 1006 894 spectaret
1044 838 1093 879 ad
1131 838 1277 879 fluenta
1317 853 1415 895 quae
1456 854 1614 896 campos
1654 839 1728 881 Es-

240 920 433 962 draelonis
473 923 649 978 irrigant.
714 920 794 963 Sed
832 921 968 962 melius
1009 921 1111 962 soret
1149 922 1198 961 ad
1238 920 1400 962 verbum
1441 919 1557 989 τᾞῖξ)
1587 923 1730 978 posuit

238 1004 381 1054 redire,
429 1007 484 1046 ita
528 1013 573 1045 ut
618 1004 877 1061 intelligamus
925 1007 1076 1061 gemina
1122 1004 1188 1044 illa
1232 1005 1440 1061 repagula,
1489 1007 1589 1047 inter
1629 1019 1727 1062 quae

206 1089 410 1144 ,jumenta
441 1090 480 1129 in
512 1088 676 1129 stabulis
710 1090 935 1144 quiescunt3
970 1086 1016 1128 cf.
1043 1087 1135 1128 Jud.
1157 1087 1207 1137 V,
1236 1085 1300 1129 16.

444 1229 466 1284 5
491 1229 530 1273 3.
572 1231 622 1273 In
654 1238 847 1288 quattuor
878 1231 1056 1273 duarum
1088 1229 1332 1272 ancillarum
1362 1230 1519 1273 liberos.

357 1337 465 1392 Quae
502 1337 548 1379 de
580 1338 810 1379 Danitarum
850 1337 1009 1379 fortuna
1046 1339 1173 1395 figura
1212 1340 1365 1395 poetica
1404 1340 1641 1388 innuuntur,
1683 1353 1727 1379 ea

235 1423 410 1479 plerique
452 1436 584 1462 omnes
625 1421 674 1462 ad
714 1421 933 1463 Simsonem
973 1421 1164 1471 referunt,
1209 1423 1294 1477 qui,
1338 1436 1459 1477 quum
1490 1421 1724 1463 Philistaeos

235 1521 315 1546 non
355 1505 474 1546 modo
514 1505 691 1546 miranda
723 1507 900 1561 corporis
933 1508 992 1555 vi,
1033 1505 1102 1546 sed
1144 1507 1258 1546 etiam
1299 1507 1442 1546 astutia
1483 1504 1723 1555 debellasset,

236 1590 307 1629 etsi
340 1588 515 1644 dispersa
545 1588 653 1629 tribu
684 1588 914 1630 Danitarum
947 1589 1158 1637 oriundus,
1200 1597 1327 1629 tamen
1360 1596 1554 1629 summum
1580 1588 1724 1644 judicis

237 1671 407 1712 officium
438 1674 538 1713 inter
568 1672 760 1713 Israelitas
795 1671 1008 1713 obtinebat.
1058 1671 1102 1714 Si
1132 1673 1364 1714 Danitarum
1395 1672 1600 1714 historiam
1632 1686 1725 1713 con-

233 1754 525 1811 templabimur,
571 1755 700 1796 videre
731 1754 861 1796 licebit
893 1771 959 1797 cos
997 1756 1106 1797 haud
1134 1756 1244 1797 aliter
1275 1770 1317 1796 ac
1348 1754 1582 1797 Simeonitas
1612 1769 1724 1811 prae-

236 1837 383 1879 dationi
416 1838 570 1879 deditos
603 1838 723 1881 fuisse
758 1836 865 1892 (Jud.
888 1839 1027 1889 XVIII,
1055 1838 1074 1880 1
1101 1836 1225 1895 sqq),
1258 1847 1304 1880 ut
1335 1853 1435 1895 quos
1466 1838 1651 1880 Amoraei
1683 1841 1723 1880 in

234 1930 385 1963 montes
411 1922 699 1978 'compulissent
731 1919 839 1975 (Jud.
862 1922 890 1971 I,
916 1919 1002 1975 39).
1062 1921 1229 1964 Constat
1258 1924 1380 1979 igitur
1413 1921 1645 1971 Simsonem,
1678 1930 1724 1963 ut

234 2014 346 2047 antea
383 2005 555 2062 Jephtha
596 2005 786 2047 Gilcadita
826 2004 934 2058 (Jud.
966 2002 1056 2059 XI),
1100 2014 1238 2061 postea
1276 2005 1466 2054 DavideS,
1514 2004 1722 2046 mediaevis

234 2098 360 2130 autem
409 2088 654 2145 temporibus
695 2082 926 2131 Franciscus
966 2089 1107 2131 Sforza
1152 2088 1345 2138 fecerunt,
1396 2090 1722 2131 mercenariorum

233 2175 384 2229 agmine
417 2173 619 2213 militarem
641 2173 807 2229 gloriam
832 2173 1028 2229 adeptum,
1063 2174 1116 2213 ila
1138 2187 1332 2214 summum
1354 2174 1454 2213 inter
1476 2187 1570 2213 suos
1592 2172 1720 2213 locum

234 2254 462 2296 obtinuisse.
529 2254 657 2307 Quum
697 2264 824 2296 tamen
865 2258 1127 2312 captivitatem
1168 2271 1211 2297 ac
1241 2258 1420 2297 miseram
1452 2263 1615 2297 mortem
1649 2270 1722 2311 op-

231 2347 392 2396 peteret,
425 2346 544 2393 poeta
576 2337 625 2378 ad
656 2339 883 2394 ampliorem
904 2338 1065 2379 Davidis
1092 2341 1153 2380 sui
1175 2338 1373 2380 fortunam
1395 2341 1603 2394 respiciens
1626 2336 1720 2379 sub-

226 2423 331 2477 jicit:
365 2429 503 2462 »tuum
536 2421 725 2462 auxilium
758 2429 942 2477 exspecto
976 2421 1173 2462 Jehova!«
1220 2420 1318 2462 Nam
1344 2422 1419 2463 hoc
1442 2436 1591 2462 comma
1621 2421 1718 2463 benc

231 2505 421 2546 intellexit
454 2504 750 2546 Schumannus:
792 2513 933 2560 »poeta
966 2503 1159 2545 Simsonis
1196 2512 1374 2560 tempora
1406 2504 1617 2561 depingens
1649 2518 1720 2561 per

230 2587 423 2629 Jacobum
464 2589 683 2644 ingemiscit
721 2587 854 2637 malis,
906 2602 1004 2644 quae
1045 2587 1237 2628 Israelitae
1278 2587 1582 2629 Philistacorum
1616 2589 1716 2645 jugo

230 2673 354 2727 pressi
387 2670 636 2726 pertulerint,
679 2670 794 2711 simul
834 2670 916 2712 fore
956 2684 1116 2726 sperans
1156 2679 1201 2711 ut
1232 2670 1384 2712 Jehova
1422 2669 1521 2711 bene
1553 2672 1717 2725 juvante

233 2756 401 2802 eveniat,
445 2752 555 2809 quod
596 2752 775 2794 Simsone
815 2753 913 2795 effici
952 2768 1032 2794 non
1069 2755 1262 2809 potuerit,
1304 2753 1466 2795 Davidis
1507 2755 1716 2795 victoriis«

230 2837 273 2877 In
316 2836 415 2877 hanc
455 2838 684 2877 sententiam
725 2839 817 2878 citat
855 2836 1087 2878 Jonathanis
1128 2837 1399 2894 paraphrasin.
1469 2836 1610 2879 Melius
1642 2851 1716 2892 po-

229 2921 370 2960 tuisset
402 2921 517 2961 citare
549 2920 748 2962 I'salmuin
779 2919 1002 2970 LXXXIX,
1039 2917 1090 2961 19
1123 2934 1230 2976 sqq:
