1867 3301
72 351 90 377 e
122 336 314 392 margine,
350 333 416 375 ubi
449 334 602 390 aliquis,
638 335 705 390 qui
738 332 1005 375 sublimiorem
1037 333 1296 382 locutionem,
1333 348 1429 389 quae
1454 349 1565 389 prae-

74 419 191 468 cedit,
226 419 419 459 illustrare
442 417 588 467 voluit,
623 419 984 473 interpretationem
1017 432 1125 458 suam
1149 416 1420 473 adscripscrat.
1471 416 1565 459 Cui-

74 518 160 544 nam
194 503 337 558 quovis
359 509 533 557 tempore
556 503 696 542 mirum
720 500 900 542 videatur
921 503 954 542 si
978 500 1128 542 »nubes
1152 515 1292 557 aquam
1316 500 1564 541 destillantP«

70 585 173 627 Num
206 585 380 634 aliunde,
421 599 537 641 quam
570 599 591 627 a
622 583 815 634 nubibus,
849 584 1004 639 pluvias
1036 584 1381 641 exspectabimus?
1429 582 1566 625 Obiter

72 685 212 711 moneo
236 668 608 725 lexicograpliorum
631 670 776 724 gratia,
811 667 979 709 radicem
1002 667 1315 724 monosyllabum
1337 667 1445 709 verbi
1468 671 1565 735 ἣὶρὲ

72 768 155 795 esse
187 757 257 821 ἣῖρ
279 748 317 806 ¹),
352 766 451 808 quae
474 751 607 794 eadem
629 760 688 792 est
711 752 826 807 atque
849 760 985 793 nostra
1009 751 1163 801 »dcxv«,
1199 752 1430 800 Teutonica,
1455 751 1564 792 thau.

189 837 233 877 In
263 836 399 877 ultima
431 850 567 877 versus
601 837 728 892 quinti
761 835 935 876 clausula
966 835 1121 892 phrasis
1154 840 1252 895 ᾯὛᾩ
1285 840 1356 904 ΠΣ,
1398 851 1496 892 qnae
1529 844 1568 876 et

73 923 112 961 in
150 919 296 962 Psalmi
336 919 423 960 loco
464 919 650 975 parallelo
692 921 881 969 occurrit,
928 919 1036 960 haud
1076 921 1258 975 exiguam
1299 918 1565 960 difficultatem

71 1006 187 1060 parit.
253 1002 382 1056 Quum
424 1005 525 1044 enim
564 1018 677 1044 mons
717 1002 826 1045 Sinai
866 1003 981 1060 longe
1022 1011 1196 1044 remotus
1236 1011 1339 1044 esset
1375 1018 1397 1044 a
1434 1012 1567 1044 monte

74 1086 252 1136 Tabore‚
293 1089 448 1143 poetria
480 1088 548 1128 vix
581 1087 707 1128 dicere
745 1088 943 1142 potuisset
974 1086 1064 1127 »hic
1098 1085 1254 1136 Sinai«,
1297 1089 1409 1143 quasi
1443 1086 1566 1144 digito

72 1170 248 1212 indicans
281 1170 480 1212 absentem
512 1170 615 1211 illam
638 1170 922 1227 Theophaniae
956 1170 1098 1211 sedem.
1147 1170 1351 1212 Praeterea
1382 1171 1478 1212 haec
1508 1171 1568 1211 lo-

74 1256 178 1296 cutio
222 1269 321 1312 quae
360 1256 401 1296 in
432 1254 588 1295 Psalmo
630 1269 746 1295 suum
781 1254 911 1295 locum
945 1253 1115 1303 obtinet,
1158 1256 1197 1296 in
1229 1264 1367 1296 nostro
1401 1256 1567 1296 carmine

73 1353 258 1380 numeros
290 1341 443 1395 migrat.
509 1337 638 1391 Quare
671 1339 865 1379 assentior
897 1336 1142 1394 Gumpachio
1177 1336 1232 1394 (p.
1258 1336 1330 1392 55)
1363 1338 1567 1380 molestam

75 1422 313 1464 locutionem
345 1424 446 1463 inter
477 1424 616 1463 iterata
647 1420 767 1463 verba
799 1424 910 1467 ΠἾΠἾ
943 1426 1055 1469 ὉΞὨ
1089 1424 1272 1464 insertam
1305 1409 1542 1464 extrudenti.

193 1522 230 1547 v.
256 1504 295 1548 6.
343 1506 386 1546 In
419 1520 536 1547 versu
578 1514 690 1546 sexto
724 1504 882 1546 Debora
921 1505 1109 1548 infelicem
1141 1507 1402 1548 Israelitarum
1434 1505 1570 1547 condi-

77 1591 220 1631 tionem
254 1597 461 1646 antequam
493 1592 580 1646 ipsa
611 1591 866 1639 surrexisset,
907 1591 1006 1630 vivis
1040 1590 1240 1631 coloribus
1273 1592 1312 1631 in
1343 1592 1568 1631 memoriam

73 1682 244 1715 revocat.
302 1673 462 1714 Vixisse
495 1672 652 1729 quidem
684 1673 750 1714 illo
783 1681 960 1730 tempore
992 1675 1120 1714 virum
1153 1673 1410 1715 fortissimum
1444 1674 1570 1731 qualis

76 1766 178 1799 esset
210 1756 429 1812 Slzamyar,
470 1756 539 1798 sed
571 1771 666 1798 suos
699 1772 721 1797 a
753 1759 914 1798 servitio
948 1773 1029 1798 non
1060 1759 1240 1814 potuisse
1271 1757 1448 1799 liberare.
1512 1757 1569 1798 De

77 1840 304 1897 Shamgaris
338 1840 508 1881 facinore
540 1842 633 1881 satis
666 1848 821 1881 constat
853 1855 903 1882 ex
936 1843 1050 1882 tertio
1074 1841 1257 1882 Judicum
1290 1843 1427 1897 capite.
1473 1840 1570 1895 Quis

78 1931 206 1964 autem
244 1922 363 1964 suerit
398 1922 524 1964 Jahel
558 1923 641 1973 ille,
683 1925 750 1979 qui
791 1926 830 1964 in
868 1924 1134 1966 Masoretliico
1176 1933 1290 1966 textu
1329 1926 1568 1974 nominatur,

77 2008 219 2049 nemini
262 2014 504 2062 compertum
543 2015 615 2048 est.
679 2006 852 2048 Uxorem
895 2007 1063 2049 Clzeberz'
1109 2008 1184 2049 hoc
1230 2008 1318 2050 loeo
1362 2008 1571 2065 significari

77 2105 215 2147 parum
247 2089 452 2147 probabile
485 2098 555 2132 est.
616 2089 783 2147 Vigehat
814 2093 915 2132 enim
946 2090 1117 2145 Jahela,
1152 2091 1282 2133 Sisi-ae
1315 2091 1568 2141 interfectrix,

77 2176 250 2231 spirante
297 2173 426 2216 adhuc
475 2183 513 2215 et
559 2183 718 2215 canente
758 2174 928 2216 Debora.
991 2175 1043 2216 Et
1081 2190 1202 2232 quum
1242 2175 1416 2218 Jalaelae
1457 2177 1570 2217 istius

76 2258 261 2315 gloriam,
296 2273 416 2315 aeque
449 2273 493 2300 ae
525 2273 656 2308 suam,
692 2260 732 2299 in
763 2258 840 2300 hoc
863 2257 1025 2300 Cantico
1055 2261 1208 2316 poetria
1230 2268 1366 2302 nostra
1388 2259 1570 2302 laudibus

79 2342 260 2392 extollat,
310 2344 377 2398 qui
416 2342 498 2383 fieri
536 2350 687 2398 potest,
739 2350 782 2383 ut
823 2351 1025 2399 tantopere
1067 2343 1285 2401 distinguat
1323 2347 1422 2386 inter
1461 2359 1570 2385 suam

78 2428 281 2468 victoriam
321 2434 358 2467 et
398 2425 572 2467 Jalzelae
619 2425 793 2482 ejusdem
835 2428 1133 2483 impotentiam?
1184 2428 1389 2470 Praeterea
1428 2442 1570 2468 nomen

78 2493 184 2576 ¹792,
228 2512 253 2551 i.
277 2526 308 2551 e.
342 2511 571 2567 rupicapra
603 2510 663 2553 vel
701 2499 814 2563 ibex,
857 2510 1007 2568 mulieri
1047 2514 1169 2568 magis
1210 2526 1327 2568 quam
1359 2513 1444 2552 viro
1479 2526 1572 2552 con-

81 2594 209 2641 venit;
249 2601 287 2634 et
318 2594 427 2650 quod
459 2593 509 2635 ad
539 2593 753 2636 annaeam
786 2594 889 2635 illam
922 2596 1078 2644 attinet,
1114 2596 1225 2651 cnjus
1258 2609 1399 2636 nomen
1433 2595 1571 2651 populi

182 2739 205 2781 l)
239 2737 322 2772 Mihi
343 2738 544 2785 jampridem
572 2753 770 2787 persuasum
800 2747 850 2775 est
876 2740 1020 2775 litteram
1044 2747 1092 2784 ζῇ,
1121 2741 1160 2776 de
1181 2753 1248 2787 quo
1269 2747 1441 2788 tantopere
1459 2742 1571 2775 rixan-

81 2809 136 2837 tur
163 2803 393 2846 Grammatiei,
429 2805 570 2840 mediam
605 2818 679 2841 esse
712 2808 827 2852 potius
862 2819 960 2853 qnam
997 2812 1148 2849 tenuem,
1183 2808 1228 2840 ita
1258 2813 1295 2841 ut
1322 2808 1570 2849 Sanscriticarm

80 2871 167 2914 dha,
194 2881 293 2916 quam
320 2871 473 2916 proxime
501 2873 664 2917 exprimat
690 2872 782 2914 (vide
801 2872 920 2907 Maskil
942 2871 1151 2919 le-Sopher,
1178 2885 1208 2920 p.
1227 2871 1259 2908 7.
1297 2873 1380 2909 New
1398 2872 1570 2920 Cratylns,

81 2933 99 2980 ἓ
120 2933 198 2972 100.
225 2941 258 2972 et
284 2935 324 2972 de
351 2936 474 2972 Graeca
499 2940 541 2980 θ,
569 2937 625 2973 Gr.
645 2937 701 2973 Gr.
727 2938 800 2974 Art.
822 2936 865 2973 18
879 2937 922 2983 f).
