1867 3301
792 222 893 269 229

96 372 191 422 post
231 363 410 405 exsilium
443 362 730 420 Babylonicum
772 363 915 405 factum
955 379 1058 414 csse,
1101 379 1182 406 non
1214 365 1327 406 aliam
1360 365 1524 420 sejuncti
1556 375 1594 408 et

96 447 320 504 interpolati
367 449 503 488 cantici
553 446 848 503 chronologiam
898 456 1068 489 statuere
1117 448 1328 505 oportebit.
1400 449 1589 506 Denique,

97 544 218 587 quum
250 545 387 571 versus
419 530 442 570 5
479 538 516 572 et
545 528 599 572 26
634 533 745 587 quasi
778 546 856 571 una
889 534 1184 572 continuatione
1218 541 1255 573 et
1287 541 1422 573 tenore
1456 532 1593 574 decur-

95 622 202 663 rant,
246 615 540 655 commissuram
580 615 852 671 agnoscimus,
895 629 973 670 qua
1008 624 1199 672 perrupta
1230 617 1487 657 inconcinnus
1519 618 1591 657 iste

95 711 250 754 pannus
282 696 538 738 subdebatur.
776 750 779 755 s

213 779 463 821 Prooemium
507 782 702 837 epimetri‚
746 794 826 837 quo
865 789 973 821 vates
1014 789 1149 821 noster
1180 779 1359 822 Deborae
1400 784 1591 824 canticum

94 866 269 906 imitatur
301 862 408 916 (Jud.
428 864 476 912 V,
502 863 541 913 ll,
567 865 613 913 ὃς
647 863 693 904 cf.
729 866 842 905 etiam
866 864 1008 905 Psalm.
1035 864 1210 912 LXVIII,
1237 863 1276 905 9.
1311 864 1507 906 Habacuc.
1529 866 1589 916 ΙΙΙ,

96 946 121 990 3
151 945 276 1004 sqq.),
320 947 505 988 describit
546 956 691 1004 quanta
731 949 952 1003 majestate,
1003 961 1119 1004 quam
1159 947 1322 988 terribili
1363 958 1593 1005 tempestate

94 1032 251 1089 pluviae
284 1039 321 1072 et
353 1030 555 1072 fulminum
590 1033 811 1079 comitatus,
845 1030 998 1072 jehova
1031 1045 1070 1071 se
1093 1031 1274 1072 Israelitis
1300 1046 1369 1087 per
1396 1032 1590 1073 desertum

94 1117 168 1157 iter
206 1113 436 1156 facientibus·
479 1113 701 1164 exhiberet,
742 1123 786 1155 ut
828 1114 950 1171 legem
988 1123 1174 1170 tanquam
1215 1129 1236 1154 a
1268 1129 1307 1155 se
1341 1116 1428 1169 ipso
1463 1114 1591 1155 datam

94 1201 325 1255 acciperent.
387 1198 598 1255 Imagines,
641 1213 740 1254 quae
782 1198 985 1239 sublimem
1026 1198 1125 1238 hanc
1167 1198 1338 1238 tabulam
1382 1198 1589 1254 complent,

94 1282 143 1324 ad
174 1286 341 1349 ΕῈἮζ]
374 1282 461 1322 illos
495 1284 575 1322 sive
602 1282 841 1323 flammantes
866 1282 935 1322 Dei
960 1283 1159 1322 ministros
1182 1283 1417 1338 respiciunt,
1453 1284 1519 1338 qui
1542 1296 1592 1323 ex

93 1368 282 1409 sententia
309 1346 565 1406 'Judaeorum
604 1365 731 1406 Deum
772 1380 924 1421 semper
963 1365 1171 1406 satellitum
1214 1367 1338 1405 instar
1370 1364 1589 1422 cingebant,

93 1451 255 1507 ejusque
287 1449 469 1490 mandata
502 1448 830 1506 exsequebantur.
886 1449 969 1490 Hac
1002 1448 1047 1489 de
1080 1463 1119 1489 re
1154 1450 1248 1489 satis
1282 1448 1428 1489 dictum
1461 1457 1519 1489 est
1551 1450 1591 1489 in

95 1533 385 1578 Commentario
409 1532 457 1573 ad
479 1535 643 1590 primam
667 1541 838 1589 partem3
869 1532 915 1573 cs.
941 1534 1054 1573 etiam
1077 1540 1160 1573 not.
1180 1532 1229 1572 ad
1250 1532 1315 1573 Ps.
1337 1532 1506 1580 LXVIII,
1526 1531 1588 1573 17.

91 1618 142 1661 Et
183 1633 302 1675 quum
344 1619 510 1658 seriores
542 1616 680 1657 sudaei
713 1616 974 1673 perhibebant
1006 1616 1165 1672 angelos
1200 1631 1220 1656 a
1251 1615 1403 1656 ¹Iehova
1436 1618 1475 1656 in
1507 1616 1590 1672 Iege

91 1701 264 1744 Mosaica
294 1700 450 1742 serenda
473 1700 672 1741 adhibitos
697 1714 779 1741 esse
803 1698 919 1752 (Acta
942 1700 1085 1756 Apost.
1107 1700 1193 1747 VII,
1220 1699 1288 1741 53.
1325 1698 1408 1741 Gal.
1432 1699 1498 1747 ΙΙΙ,
1523 1698 1588 1741 19.

90 1784 210 1827 Hebr.
240 1785 290 1831 ΙΙ,
324 1782 396 1836 2),
440 1799 483 1825 ea
526 1787 658 1840 opinio
700 1783 899 1824 nitebatur
933 1783 1079 1824 Graeca
1120 1783 1238 1838 hujus
1280 1783 1353 1823 loci
1394 1785 1588 1824 versione.

91 1868 189 1910 Nam
228 1867 340 1909 LXX
380 1882 452 1923 pro
497 1865 578 1912 w&
619 1863 778 1928 ὝΞἾᾨἿᾩ
822 1866 917 1907 dant
955 1866 1001 1916 ἐξ
1047 1866 1201 1915 δεξιῶν
1242 1863 1376 1907 αὐτοῦ
1419 1865 1590 1918 ἄγγελοι

92 1945 188 2006 μετ’
214 1948 358 1992 αὐτοῦ.
419 1950 549 2006 Hujus
589 1951 769 1991 versiculi
810 1951 1013 1991 lectionem
1054 1950 1195 1990 mendo
1237 1950 1368 2005 aliquo
1410 1949 1588 1991 laborare

94 2036 187 2075 satis
228 2041 435 2090 appareret
466 2047 516 2074 ex
546 2033 686 2074 vocula
720 2038 810 2091 ΠἾ,
855 2036 886 2074 si
920 2034 1018 2074 hanc
1051 2048 1136 2074 cum
1170 2034 1366 2090 plerisque
1398 2036 1589 2088 interpre-

92 2117 197 2159 tibus
231 2116 278 2157 ad
313 2116 565 2158 Chaldaicum
600 2116 657 2157 vel
698 2120 833 2173 potius
866 2117 1064 2158 Persicum
1099 2123 1169 2184 n]
1203 2118 1378 2158 edictum
1409 2116 1584 2157 referres.

95 2200 190 2254 Quis
232 2202 331 2241 enim
366 2200 482 2241 ferret
513 2200 626 2241 talem
660 2200 896 2241 locutionem
931 2203 969 2241 in
1004 2200 1082 2241 ullo
1116 2209 1255 2256 poeta,
1297 2202 1364 2257 qui
1398 2209 1485 2241 ante
1518 2214 1588 2241 ex-

92 2284 218 2324 silium
252 2283 537 2340 Babylonicum
570 2283 743 2324 vixerit?
779 2284 834 2325 At
866 2284 977 2325 LXX
1010 2284 1166 2340 quidem
1200 2283 1379 2340 legebant
1411 2289 1588 2331 DW'IWN

91 2371 182 2414 ’1Ὡῖ
206 2366 342 2424 fortes
372 2381 462 2407 cum
492 2381 536 2408 eo
568 2366 787 2408 derivantes
817 2372 991 2414 1²5?in
1015 2382 1035 2408 a
1058 2366 1179 2435 ἾζΠζὲῑ
1224 2368 1429 2424 Equidem,
1464 2382 1586 2424 quum

90 2453 259 2507 primum
283 2452 451 2491 animum
475 2465 600 2491 meum
625 2450 675 2491 ad
697 2451 801 2491 hunc
822 2451 948 2492 locum
973 2451 1246 2508 explicandum
1271 2452 1426 2508 appuli,
1456 2452 1586 2508 legen-

93 2533 184 2574 dum
207 2535 406 2575 autumavi
429 2529 569 2594 ΠΨἾ.
618 2533 716 2575 Nam
740 2534 1070 2591 quemadmodum
1093 2537 1129 2575 in
1154 2534 1313 2575 Hannae
1337 2535 1446 2591 quod
1469 2549 1586 2576 voca-

92 2625 158 2658 tur
190 2619 337 2658 cantico
373 2615 410 2670 (1
435 2617 539 2659 Sam.
563 2617 612 2667 11,
638 2616 680 2668 3)
714 2618 902 2674 legimus:
934 2618 1125 2660 Jehovam
1158 2632 1240 2659 esse
1263 2614 1390 2678 Diffi]
1415 2602 1485 2663 ⁸7&
1508 2621 1530 2659 i.
1551 2634 1583 2660 c.

91 2699 231 2743 Deum
261 2701 512 2755 coqnitioozis,
547 2703 600 2742 ita
631 2701 694 2742 hic
727 2715 886 2758 quoque
919 2701 982 2742 Iex
1005 2701 1075 2742 Dei
1109 2715 1178 2758 per
1210 2701 1366 2759 fulgura
1392 2702 1584 2744 declarata

92 2782 198 2838 iynis
229 2783 467 2838 coquicionis
498 2784 684 2840 appellari
715 2787 860 2841 potuit.
911 2784 1041 2838 Quum
1072 2793 1199 2826 tamen
1227 2761 1484 2842 inspexissem
1510 2785 1585 2827 Ge-

93 2867 189 2907 senii
206 2865 468 2916 Thesaurum‚
490 2866 624 2923 ibique
645 2870 879 2909 invenissem
901 2867 1102 2909 Bo‘ttcheri
1125 2869 1401 2924 conjecturam,
1426 2871 1584 2929 ΠἾΨΝ
