<?xml version="1.0" encoding="UTF-8"?>
<!DOCTYPE html PUBLIC "-//W3C//DTD XHTML 1.0 Transitional//EN"
    "http://www.w3.org/TR/xhtml1/DTD/xhtml1-transitional.dtd">
<html xmlns="http://www.w3.org/1999/xhtml" xml:lang="en" lang="en">
 <head>
  <title>
</title>
<meta http-equiv="Content-Type" content="text/html;charset=utf-8" />
  <meta name='ocr-system' content='tesseract 3.04.00' />
  <meta name='ocr-capabilities' content='ocr_page ocr_carea ocr_par ocr_line ocrx_word'/>
</head>
<body>
  <div class='ocr_page' id='page_1' title='image "./jasharfragmentaa00dona_0087.png"; bbox 0 0 1867 3301; ppageno 0'>
   <div class='ocr_carea' id='block_1_1' title="bbox 812 213 872 260">
    <p class='ocr_par' dir='ltr' id='par_1_1' title="bbox 812 213 872 260">
     <span class='ocr_line' id='line_1_1' title="bbox 812 213 872 260; baseline 0.017 -1"><span class='ocrx_word' id='word_1_1' title='bbox 812 213 872 260; x_wconf 90' lang='lat'>13</span> 
     </span>
    </p>
   </div>
   <div class='ocr_carea' id='block_1_2' title="bbox 95 350 1619 2915">
    <p class='ocr_par' dir='ltr' id='par_1_2' title="bbox 95 350 1619 2915">
     <span class='ocr_line' id='line_1_2' title="bbox 97 350 1588 407; baseline -0.005 -9"><span class='ocrx_word' id='word_1_2' title='bbox 97 355 336 398; x_wconf 87' lang='lat' dir='ltr'>Thaddaeus</span> <span class='ocrx_word' id='word_1_3' title='bbox 374 353 585 395; x_wconf 79' lang='lat' dir='ltr'>admodum</span> <span class='ocrx_word' id='word_1_4' title='bbox 618 352 844 394; x_wconf 74' lang='lat' dir='ltr'>adolescens</span> <span class='ocrx_word' id='word_1_5' title='bbox 878 353 915 392; x_wconf 92' lang='lat' dir='ltr'>in</span> <span class='ocrx_word' id='word_1_6' title='bbox 950 366 1155 394; x_wconf 89' lang='lat' dir='ltr'>numerum</span> <span class='ocrx_word' id='word_1_7' title='bbox 1189 350 1393 392; x_wconf 78' lang='lat' dir='ltr'>duodecim</span> <span class='ocrx_word' id='word_1_8' title='bbox 1427 359 1588 407; x_wconf 86' lang='lat' dir='ltr'>aposto-</span> 
     </span>
     <span class='ocr_line' id='line_1_3' title="bbox 97 434 1587 491; baseline -0.005 -10"><span class='ocrx_word' id='word_1_9' title='bbox 97 440 223 481; x_wconf 88' lang='lat' dir='ltr'>lorum</span> <span class='ocrx_word' id='word_1_10' title='bbox 257 439 449 480; x_wconf 82' lang='lat' dir='ltr'>admissus</span> <span class='ocrx_word' id='word_1_11' title='bbox 483 436 613 479; x_wconf 79' lang='lat' dir='ltr'>esset?</span> <span class='ocrx_word' id='word_1_12' title='bbox 647 435 725 477; x_wconf 85' lang='lat' dir='ltr'>Sed</span> <span class='ocrx_word' id='word_1_13' title='bbox 758 435 818 476; x_wconf 90' lang='lat' dir='ltr'>his</span> <span class='ocrx_word' id='word_1_14' title='bbox 853 437 1007 477; x_wconf 85' lang='lat' dir='ltr'>omissis</span> <span class='ocrx_word' id='word_1_15' title='bbox 1041 434 1091 476; x_wconf 89' lang='lat' dir='ltr'>ad</span> <span class='ocrx_word' id='word_1_16' title='bbox 1122 449 1311 476; x_wconf 86' lang='lat' dir='ltr'>summam</span> <span class='ocrx_word' id='word_1_17' title='bbox 1346 436 1587 491; x_wconf 72' lang='lat' dir='ltr'>quaestionis</span> 
     </span>
     <span class='ocr_line' id='line_1_4' title="bbox 97 515 1588 574; baseline -0.004 -10"><span class='ocrx_word' id='word_1_18' title='bbox 97 531 254 564; x_wconf 87' lang='lat' dir='ltr'>nostrae</span> <span class='ocrx_word' id='word_1_19' title='bbox 284 531 538 563; x_wconf 85' lang='lat' dir='ltr'>transeamus.</span> <span class='ocrx_word' id='word_1_20' title='bbox 587 520 648 561; x_wconf 84' lang='lat' dir='ltr'>Ex</span> <span class='ocrx_word' id='word_1_21' title='bbox 678 519 805 561; x_wconf 80' lang='lat' dir='ltr'>Lucae</span> <span class='ocrx_word' id='word_1_22' title='bbox 836 521 1059 560; x_wconf 82' lang='lat' dir='ltr'>narratione</span> <span class='ocrx_word' id='word_1_23' title='bbox 1090 516 1252 571; x_wconf 83' lang='lat' dir='ltr'>(XXJV,</span> <span class='ocrx_word' id='word_1_24' title='bbox 1282 516 1333 559; x_wconf 87' lang='lat'>13</span> <span class='ocrx_word' id='word_1_25' title='bbox 1357 515 1462 574; x_wconf 89' lang='lat' dir='ltr'>sqq.)</span> <span class='ocrx_word' id='word_1_26' title='bbox 1496 532 1588 558; x_wconf 89' lang='lat' dir='ltr'>con-</span> 
     </span>
     <span class='ocr_line' id='line_1_5' title="bbox 97 602 1588 661; baseline -0.005 -13"><span class='ocrx_word' id='word_1_27' title='bbox 97 615 173 648; x_wconf 87' lang='lat' dir='ltr'>stat</span> <span class='ocrx_word' id='word_1_28' title='bbox 207 606 310 647; x_wconf 86' lang='lat' dir='ltr'>hunc</span> <span class='ocrx_word' id='word_1_29' title='bbox 333 604 519 661; x_wconf 87' lang='lat' dir='ltr'>Cleopam</span> <span class='ocrx_word' id='word_1_30' title='bbox 552 606 633 645; x_wconf 84' lang='lat' dir='ltr'>sive</span> <span class='ocrx_word' id='word_1_31' title='bbox 655 603 898 659; x_wconf 85' lang='lat' dir='ltr'>Alphaeum,</span> <span class='ocrx_word' id='word_1_32' title='bbox 934 618 1020 644; x_wconf 90' lang='lat' dir='ltr'>cum</span> <span class='ocrx_word' id='word_1_33' title='bbox 1052 615 1133 643; x_wconf 90' lang='lat' dir='ltr'>uno</span> <span class='ocrx_word' id='word_1_34' title='bbox 1167 603 1318 650; x_wconf 80' lang='lat' dir='ltr'>comite,</span> <span class='ocrx_word' id='word_1_35' title='bbox 1354 603 1420 657; x_wconf 87' lang='lat' dir='ltr'>qui</span> <span class='ocrx_word' id='word_1_36' title='bbox 1443 602 1588 641; x_wconf 85' lang='lat' dir='ltr'>intimis</span> 
     </span>
     <span class='ocr_line' id='line_1_6' title="bbox 97 679 1589 745; baseline -0.004 -14"><span class='ocrx_word' id='word_1_37' title='bbox 97 690 256 731; x_wconf 90' lang='lat' dir='ltr'>Domini</span> <span class='ocrx_word' id='word_1_38' title='bbox 289 688 489 745; x_wconf 82' lang='lat' dir='ltr'>discipulis</span> <span class='ocrx_word' id='word_1_39' title='bbox 523 686 840 729; x_wconf 79' lang='lat' dir='ltr'>adnumerandus</span> <span class='ocrx_word' id='word_1_40' title='bbox 873 695 932 727; x_wconf 87' lang='lat' dir='ltr'>est</span> <span class='ocrx_word' id='word_1_41' title='bbox 964 682 1063 738; x_wconf 79' lang='grc' dir='ltr'>(δύο</span> <span class='ocrx_word' id='word_1_42' title='bbox 1085 684 1134 736; x_wconf 79' lang='grc' dir='ltr'>ἔξ</span> <span class='ocrx_word' id='word_1_43' title='bbox 1159 682 1301 727; x_wconf 77' lang='grc' dir='ltr'><em>αὐτῶν</em></span> <span class='ocrx_word' id='word_1_44' title='bbox 1322 700 1374 726; x_wconf 89' lang='lat' dir='ltr'>se.</span> <span class='ocrx_word' id='word_1_45' title='bbox 1398 679 1589 725; x_wconf 70' lang='grc' dir='ltr'><em>ἀποστό-</em></span> 
     </span>
     <span class='ocr_line' id='line_1_7' title="bbox 97 768 1590 827; baseline -0.003 -14"><span class='ocrx_word' id='word_1_46' title='bbox 97 771 185 814; x_wconf 85' lang='grc' dir='ltr'>λων</span> <span class='ocrx_word' id='word_1_47' title='bbox 205 775 276 813; x_wconf 84' lang='grc' dir='ltr'>καὶ</span> <span class='ocrx_word' id='word_1_48' title='bbox 307 769 542 827; x_wconf 76' lang='grc' dir='ltr'><em>ἀδελφῶν),</em></span> <span class='ocrx_word' id='word_1_49' title='bbox 575 786 620 812; x_wconf 93' lang='lat' dir='ltr'>eo</span> <span class='ocrx_word' id='word_1_50' title='bbox 654 773 740 827; x_wconf 90' lang='lat' dir='ltr'>ipso</span> <span class='ocrx_word' id='word_1_51' title='bbox 766 770 856 826; x_wconf 51' lang='lat' dir='ltr'>die„</span> <span class='ocrx_word' id='word_1_52' title='bbox 874 784 953 826; x_wconf 93' lang='lat' dir='ltr'>quo</span> <span class='ocrx_word' id='word_1_53' title='bbox 976 769 1090 811; x_wconf 84' lang='lat' dir='ltr'>Jesus</span> <span class='ocrx_word' id='word_1_54' title='bbox 1118 770 1346 818; x_wconf 80' lang='lat' dir='ltr'>resurrexit,</span> <span class='ocrx_word' id='word_1_55' title='bbox 1382 768 1432 808; x_wconf 90' lang='lat' dir='ltr'>ad</span> <span class='ocrx_word' id='word_1_56' title='bbox 1454 768 1590 808; x_wconf 87' lang='lat' dir='ltr'>castel-</span> 
     </span>
     <span class='ocr_line' id='line_1_8' title="bbox 98 853 1589 910; baseline -0.003 -13"><span class='ocrx_word' id='word_1_57' title='bbox 98 857 177 897; x_wconf 90' lang='lat' dir='ltr'>lum</span> <span class='ocrx_word' id='word_1_58' title='bbox 216 858 373 897; x_wconf 88' lang='lat' dir='ltr'>nomine</span> <span class='ocrx_word' id='word_1_59' title='bbox 405 855 610 904; x_wconf 85' lang='lat' dir='ltr'>Emmaus,</span> <span class='ocrx_word' id='word_1_60' title='bbox 651 853 852 910; x_wconf 87' lang='lat' dir='ltr'>profectos</span> <span class='ocrx_word' id='word_1_61' title='bbox 885 868 969 895; x_wconf 89' lang='lat' dir='ltr'>esse</span> <span class='ocrx_word' id='word_1_62' title='bbox 1002 861 1118 909; x_wconf 88' lang='lat' dir='ltr'>atque</span> <span class='ocrx_word' id='word_1_63' title='bbox 1150 854 1190 893; x_wconf 93' lang='lat' dir='ltr'>in</span> <span class='ocrx_word' id='word_1_64' title='bbox 1222 854 1357 893; x_wconf 86' lang='lat' dir='ltr'>itinere</span> <span class='ocrx_word' id='word_1_65' title='bbox 1390 866 1589 893; x_wconf 82' lang='lat' dir='ltr'>sermones</span> 
     </span>
     <span class='ocr_line' id='line_1_9' title="bbox 99 935 1590 991; baseline -0.004 -10"><span class='ocrx_word' id='word_1_66' title='bbox 99 941 342 981; x_wconf 86' lang='lat' dir='ltr'>conseruisse</span> <span class='ocrx_word' id='word_1_67' title='bbox 383 954 469 980; x_wconf 89' lang='lat' dir='ltr'>cum</span> <span class='ocrx_word' id='word_1_68' title='bbox 507 938 684 979; x_wconf 88' lang='lat' dir='ltr'>redivivo</span> <span class='ocrx_word' id='word_1_69' title='bbox 719 936 942 979; x_wconf 86' lang='lat' dir='ltr'>Servatore.</span> <span class='ocrx_word' id='word_1_70' title='bbox 1008 935 1114 990; x_wconf 81' lang='lat' dir='ltr'>Quid</span> <span class='ocrx_word' id='word_1_71' title='bbox 1151 936 1431 984; x_wconf 86' lang='lat' dir='ltr'>verosimilius,</span> <span class='ocrx_word' id='word_1_72' title='bbox 1474 950 1590 991; x_wconf 90' lang='lat' dir='ltr'>quam</span> 
     </span>
     <span class='ocr_line' id='line_1_10' title="bbox 100 1018 1591 1080; baseline -0.003 -16"><span class='ocrx_word' id='word_1_73' title='bbox 100 1023 323 1080; x_wconf 86' lang='lat' dir='ltr'>Alphaeum</span> <span class='ocrx_word' id='word_1_74' title='bbox 361 1031 542 1064; x_wconf 90' lang='lat' dir='ltr'>nostrum</span> <span class='ocrx_word' id='word_1_75' title='bbox 575 1037 596 1063; x_wconf 90' lang='lat' dir='ltr'>a</span> <span class='ocrx_word' id='word_1_76' title='bbox 626 1022 706 1063; x_wconf 87' lang='lat' dir='ltr'>filio</span> <span class='ocrx_word' id='word_1_77' title='bbox 740 1029 836 1062; x_wconf 90' lang='lat' dir='ltr'>natu</span> <span class='ocrx_word' id='word_1_78' title='bbox 868 1022 1039 1061; x_wconf 75' lang='lat' dir='ltr'>maximo</span> <span class='ocrx_word' id='word_1_79' title='bbox 1075 1019 1285 1061; x_wconf 87' lang='lat' dir='ltr'>deductum</span> <span class='ocrx_word' id='word_1_80' title='bbox 1318 1019 1430 1061; x_wconf 78' lang='lat' dir='ltr'>esse?</span> <span class='ocrx_word' id='word_1_81' title='bbox 1475 1018 1527 1059; x_wconf 80' lang='lat' dir='ltr'>Et</span> <span class='ocrx_word' id='word_1_82' title='bbox 1558 1020 1591 1059; x_wconf 84' lang='lat' dir='ltr'>si</span> 
     </span>
     <span class='ocr_line' id='line_1_11' title="bbox 100 1102 1590 1161; baseline -0.003 -14"><span class='ocrx_word' id='word_1_83' title='bbox 100 1108 195 1149; x_wconf 87' lang='lat' dir='ltr'>alter</span> <span class='ocrx_word' id='word_1_84' title='bbox 227 1107 288 1148; x_wconf 90' lang='lat' dir='ltr'>ille</span> <span class='ocrx_word' id='word_1_85' title='bbox 320 1108 516 1147; x_wconf 88' lang='lat' dir='ltr'>viatorum</span> <span class='ocrx_word' id='word_1_86' title='bbox 549 1105 688 1147; x_wconf 86' lang='lat' dir='ltr'>fuisset</span> <span class='ocrx_word' id='word_1_87' title='bbox 717 1103 890 1146; x_wconf 81' lang='lat' dir='ltr'>Jacobus</span> <span class='ocrx_word' id='word_1_88' title='bbox 911 1104 1099 1161; x_wconf 88' lang='lat' dir='ltr'>Alphaei,</span> <span class='ocrx_word' id='word_1_89' title='bbox 1134 1119 1264 1146; x_wconf 86' lang='lat' dir='ltr'>nonne</span> <span class='ocrx_word' id='word_1_90' title='bbox 1296 1105 1328 1144; x_wconf 90' lang='lat' dir='ltr'>is</span> <span class='ocrx_word' id='word_1_91' title='bbox 1352 1102 1476 1144; x_wconf 89' lang='lat' dir='ltr'>Paulo</span> <span class='ocrx_word' id='word_1_92' title='bbox 1509 1117 1590 1143; x_wconf 86' lang='lat' dir='ltr'>rem</span> 
     </span>
     <span class='ocr_line' id='line_1_12' title="bbox 99 1184 1588 1246; baseline -0.003 -15"><span class='ocrx_word' id='word_1_93' title='bbox 99 1204 257 1231; x_wconf 82' lang='lat' dir='ltr'>narrare</span> <span class='ocrx_word' id='word_1_94' title='bbox 287 1192 431 1246; x_wconf 89' lang='lat' dir='ltr'>potuit,</span> <span class='ocrx_word' id='word_1_95' title='bbox 467 1192 533 1246; x_wconf 90' lang='lat' dir='ltr'>qui</span> <span class='ocrx_word' id='word_1_96' title='bbox 567 1204 611 1230; x_wconf 89' lang='lat' dir='ltr'>eo</span> <span class='ocrx_word' id='word_1_97' title='bbox 646 1188 885 1229; x_wconf 85' lang='lat' dir='ltr'>familiariter</span> <span class='ocrx_word' id='word_1_98' title='bbox 909 1202 1005 1229; x_wconf 91' lang='lat' dir='ltr'>usus</span> <span class='ocrx_word' id='word_1_99' title='bbox 1030 1196 1088 1228; x_wconf 88' lang='lat' dir='ltr'>est</span> <span class='ocrx_word' id='word_1_100' title='bbox 1114 1184 1219 1241; x_wconf 88' lang='lat' dir='ltr'>(Act.</span> <span class='ocrx_word' id='word_1_101' title='bbox 1242 1186 1333 1237; x_wconf 92' lang='lat' dir='ltr'>XV,</span> <span class='ocrx_word' id='word_1_102' title='bbox 1362 1184 1427 1228; x_wconf 85' lang='lat'>13.</span> <span class='ocrx_word' id='word_1_103' title='bbox 1464 1185 1588 1228; x_wconf 82' lang='lat' dir='ltr'>Galat.</span> 
     </span>
     <span class='ocr_line' id='line_1_13' title="bbox 98 1270 1590 1329; baseline -0.003 -15"><span class='ocrx_word' id='word_1_104' title='bbox 98 1274 149 1322; x_wconf 89' lang='lat' dir='ltr'>II,</span> <span class='ocrx_word' id='word_1_105' title='bbox 175 1271 250 1326; x_wconf 80' lang='lat'>9)?</span> <span class='ocrx_word' id='word_1_106' title='bbox 280 1272 428 1314; x_wconf 85' lang='lat' dir='ltr'>Paulus</span> <span class='ocrx_word' id='word_1_107' title='bbox 459 1274 596 1329; x_wconf 90' lang='lat' dir='ltr'>utique</span> <span class='ocrx_word' id='word_1_108' title='bbox 618 1287 760 1313; x_wconf 90' lang='lat' dir='ltr'>nomen</span> <span class='ocrx_word' id='word_1_109' title='bbox 785 1270 953 1328; x_wconf 87' lang='lat' dir='ltr'>Cleopae</span> <span class='ocrx_word' id='word_1_110' title='bbox 980 1271 1130 1321; x_wconf 85' lang='lat' dir='ltr'>silebat,</span> <span class='ocrx_word' id='word_1_111' title='bbox 1165 1279 1210 1311; x_wconf 91' lang='lat' dir='ltr'>ut</span> <span class='ocrx_word' id='word_1_112' title='bbox 1231 1272 1299 1327; x_wconf 91' lang='lat' dir='ltr'>qui</span> <span class='ocrx_word' id='word_1_113' title='bbox 1321 1285 1402 1311; x_wconf 86' lang='lat' dir='ltr'>non</span> <span class='ocrx_word' id='word_1_114' title='bbox 1424 1270 1590 1326; x_wconf 86' lang='lat' dir='ltr'>amplius</span> 
     </span>
     <span class='ocr_line' id='line_1_14' title="bbox 99 1354 1591 1410; baseline -0.003 -13"><span class='ocrx_word' id='word_1_115' title='bbox 99 1359 140 1398; x_wconf 89' lang='lat' dir='ltr'>in</span> <span class='ocrx_word' id='word_1_116' title='bbox 179 1358 280 1397; x_wconf 83' lang='lat' dir='ltr'>vivis</span> <span class='ocrx_word' id='word_1_117' title='bbox 321 1364 444 1406; x_wconf 82' lang='lat' dir='ltr'>esset3</span> <span class='ocrx_word' id='word_1_118' title='bbox 492 1355 683 1397; x_wconf 84' lang='lat' dir='ltr'>Jacobum</span> <span class='ocrx_word' id='word_1_119' title='bbox 724 1354 1073 1404; x_wconf 85' lang='lat' dir='ltr'>commemorabat,</span> <span class='ocrx_word' id='word_1_120' title='bbox 1117 1356 1210 1410; x_wconf 88' lang='lat' dir='ltr'>quia</span> <span class='ocrx_word' id='word_1_121' title='bbox 1248 1355 1512 1410; x_wconf 85' lang='lat' dir='ltr'>principatum</span> <span class='ocrx_word' id='word_1_122' title='bbox 1552 1355 1591 1393; x_wconf 89' lang='lat' dir='ltr'>in</span> 
     </span>
     <span class='ocr_line' id='line_1_15' title="bbox 100 1436 1594 1493; baseline -0.003 -12"><span class='ocrx_word' id='word_1_123' title='bbox 100 1448 280 1481; x_wconf 88' lang='lat' dir='ltr'>nascente</span> <span class='ocrx_word' id='word_1_124' title='bbox 312 1439 470 1480; x_wconf 89' lang='lat' dir='ltr'>ecclesia</span> <span class='ocrx_word' id='word_1_125' title='bbox 502 1438 718 1480; x_wconf 85' lang='lat' dir='ltr'>obtinebat.</span> <span class='ocrx_word' id='word_1_126' title='bbox 765 1439 904 1488; x_wconf 88' lang='lat' dir='ltr'>Lucas,</span> <span class='ocrx_word' id='word_1_127' title='bbox 938 1438 1188 1479; x_wconf 89' lang='lat' dir='ltr'>traditionem</span> <span class='ocrx_word' id='word_1_128' title='bbox 1211 1451 1390 1493; x_wconf 90' lang='lat' dir='ltr'>sequens,</span> <span class='ocrx_word' id='word_1_129' title='bbox 1424 1436 1594 1478; x_wconf 88' lang='lat' dir='ltr'>malebat</span> 
     </span>
     <span class='ocr_line' id='line_1_16' title="bbox 100 1520 1592 1580; baseline -0.002 -16"><span class='ocrx_word' id='word_1_130' title='bbox 100 1531 247 1580; x_wconf 87' lang='lat' dir='ltr'>patrem</span> <span class='ocrx_word' id='word_1_131' title='bbox 281 1537 396 1579; x_wconf 87' lang='lat' dir='ltr'>quam</span> <span class='ocrx_word' id='word_1_132' title='bbox 428 1522 550 1563; x_wconf 90' lang='lat' dir='ltr'>filium</span> <span class='ocrx_word' id='word_1_133' title='bbox 582 1524 795 1564; x_wconf 87' lang='lat' dir='ltr'>nominare.</span> <span class='ocrx_word' id='word_1_134' title='bbox 840 1521 1033 1579; x_wconf 88' lang='lat' dir='ltr'>Equidem</span> <span class='ocrx_word' id='word_1_135' title='bbox 1064 1536 1143 1562; x_wconf 87' lang='lat' dir='ltr'>rem</span> <span class='ocrx_word' id='word_1_136' title='bbox 1176 1523 1230 1562; x_wconf 87' lang='lat' dir='ltr'>ita</span> <span class='ocrx_word' id='word_1_137' title='bbox 1262 1535 1302 1561; x_wconf 86' lang='lat' dir='ltr'>se</span> <span class='ocrx_word' id='word_1_138' title='bbox 1334 1520 1476 1562; x_wconf 86' lang='lat' dir='ltr'>habere</span> <span class='ocrx_word' id='word_1_139' title='bbox 1499 1535 1592 1562; x_wconf 81' lang='lat' dir='ltr'>con-</span> 
     </span>
     <span class='ocr_line' id='line_1_17' title="bbox 100 1604 1592 1663; baseline -0.003 -14"><span class='ocrx_word' id='word_1_140' title='bbox 100 1606 241 1657; x_wconf 81' lang='lat' dir='ltr'>tend03</span> <span class='ocrx_word' id='word_1_141' title='bbox 274 1606 384 1648; x_wconf 88' lang='lat' dir='ltr'>aliter</span> <span class='ocrx_word' id='word_1_142' title='bbox 414 1606 497 1647; x_wconf 86' lang='lat' dir='ltr'>fieri</span> <span class='ocrx_word' id='word_1_143' title='bbox 530 1608 707 1663; x_wconf 87' lang='lat' dir='ltr'>potuisse</span> <span class='ocrx_word' id='word_1_144' title='bbox 731 1608 800 1647; x_wconf 83' lang='lat' dir='ltr'>vix</span> <span class='ocrx_word' id='word_1_145' title='bbox 833 1605 1073 1647; x_wconf 83' lang='lat' dir='ltr'>crediderim.</span> <span class='ocrx_word' id='word_1_146' title='bbox 1124 1604 1186 1654; x_wconf 88' lang='lat' dir='ltr'>Si,</span> <span class='ocrx_word' id='word_1_147' title='bbox 1222 1604 1331 1661; x_wconf 88' lang='lat' dir='ltr'>quod</span> <span class='ocrx_word' id='word_1_148' title='bbox 1352 1604 1499 1645; x_wconf 88' lang='lat' dir='ltr'>Paulus</span> <span class='ocrx_word' id='word_1_149' title='bbox 1531 1606 1592 1645; x_wconf 89' lang='lat' dir='ltr'>in-</span> 
     </span>
     <span class='ocr_line' id='line_1_18' title="bbox 95 1687 1593 1746; baseline -0.002 -15"><span class='ocrx_word' id='word_1_150' title='bbox 95 1691 202 1746; x_wconf 86' lang='lat' dir='ltr'>jicit,</span> <span class='ocrx_word' id='word_1_151' title='bbox 238 1687 422 1731; x_wconf 83' lang='grc' dir='ltr'><em>ὂπτασία</em></span> <span class='ocrx_word' id='word_1_152' title='bbox 454 1689 644 1746; x_wconf 83' lang='lat' dir='ltr'>quaedam</span> <span class='ocrx_word' id='word_1_153' title='bbox 677 1689 886 1746; x_wconf 78' lang='lat' dir='ltr'>singularis</span> <span class='ocrx_word' id='word_1_154' title='bbox 908 1688 1058 1731; x_wconf 84' lang='lat' dir='ltr'>Jacobo</span> <span class='ocrx_word' id='word_1_155' title='bbox 1089 1691 1265 1745; x_wconf 81' lang='lat' dir='ltr'>contigit,</span> <span class='ocrx_word' id='word_1_156' title='bbox 1299 1690 1368 1729; x_wconf 81' lang='lat' dir='ltr'>vix</span> <span class='ocrx_word' id='word_1_157' title='bbox 1390 1688 1502 1729; x_wconf 86' lang='lat' dir='ltr'>aliam</span> <span class='ocrx_word' id='word_1_158' title='bbox 1525 1703 1593 1729; x_wconf 82' lang='lat' dir='ltr'>ex-</span> 
     </span>
     <span class='ocr_line' id='line_1_19' title="bbox 103 1772 1593 1831; baseline -0.001 -17"><span class='ocrx_word' id='word_1_159' title='bbox 103 1776 273 1831; x_wconf 80' lang='lat' dir='ltr'>cogitare</span> <span class='ocrx_word' id='word_1_160' title='bbox 305 1774 477 1815; x_wconf 82' lang='lat' dir='ltr'>valemus</span> <span class='ocrx_word' id='word_1_161' title='bbox 519 1789 636 1831; x_wconf 89' lang='lat' dir='ltr'>quam</span> <span class='ocrx_word' id='word_1_162' title='bbox 675 1775 811 1814; x_wconf 87' lang='lat' dir='ltr'>miram</span> <span class='ocrx_word' id='word_1_163' title='bbox 851 1773 954 1814; x_wconf 80' lang='lat' dir='ltr'>illam</span> <span class='ocrx_word' id='word_1_164' title='bbox 994 1775 1033 1814; x_wconf 91' lang='lat' dir='ltr'>in</span> <span class='ocrx_word' id='word_1_165' title='bbox 1065 1775 1130 1813; x_wconf 91' lang='lat' dir='ltr'>via</span> <span class='ocrx_word' id='word_1_166' title='bbox 1168 1772 1217 1813; x_wconf 87' lang='lat' dir='ltr'>ad</span> <span class='ocrx_word' id='word_1_167' title='bbox 1247 1772 1471 1822; x_wconf 88' lang='lat' dir='ltr'>Emmaum,</span> <span class='ocrx_word' id='word_1_168' title='bbox 1515 1786 1593 1828; x_wconf 83' lang='lat' dir='ltr'>qua</span> 
     </span>
     <span class='ocr_line' id='line_1_20' title="bbox 101 1848 1593 1914; baseline -0.002 -16"><span class='ocrx_word' id='word_1_169' title='bbox 101 1848 215 1899; x_wconf 80' lang='lat' dir='ltr'>Jesus</span> <span class='ocrx_word' id='word_1_170' title='bbox 254 1859 357 1914; x_wconf 88' lang='lat' dir='ltr'>patri</span> <span class='ocrx_word' id='word_1_171' title='bbox 388 1857 527 1899; x_wconf 86' lang='lat' dir='ltr'>Jacobi</span> <span class='ocrx_word' id='word_1_172' title='bbox 568 1866 684 1914; x_wconf 89' lang='lat' dir='ltr'>atque</span> <span class='ocrx_word' id='word_1_173' title='bbox 725 1858 969 1898; x_wconf 85' lang='lat' dir='ltr'>innominato</span> <span class='ocrx_word' id='word_1_174' title='bbox 1012 1858 1143 1898; x_wconf 91' lang='lat' dir='ltr'>comiti</span> <span class='ocrx_word' id='word_1_175' title='bbox 1184 1871 1223 1897; x_wconf 88' lang='lat' dir='ltr'>se</span> <span class='ocrx_word' id='word_1_176' title='bbox 1267 1855 1451 1897; x_wconf 88' lang='lat' dir='ltr'>ostendit.</span> <span class='ocrx_word' id='word_1_177' title='bbox 1517 1854 1593 1909; x_wconf 82' lang='lat' dir='ltr'>Qui</span> 
     </span>
     <span class='ocr_line' id='line_1_21' title="bbox 102 1939 1592 1997; baseline -0.003 -15"><span class='ocrx_word' id='word_1_178' title='bbox 102 1939 239 1982; x_wconf 84' lang='lat' dir='ltr'>fratres</span> <span class='ocrx_word' id='word_1_179' title='bbox 278 1940 418 1982; x_wconf 89' lang='lat' dir='ltr'>habuit</span> <span class='ocrx_word' id='word_1_180' title='bbox 458 1940 657 1997; x_wconf 89' lang='lat' dir='ltr'>filiumque</span> <span class='ocrx_word' id='word_1_181' title='bbox 696 1942 796 1981; x_wconf 90' lang='lat' dir='ltr'>inter</span> <span class='ocrx_word' id='word_1_182' title='bbox 827 1940 1067 1996; x_wconf 88' lang='lat' dir='ltr'>Apostolos,</span> <span class='ocrx_word' id='word_1_183' title='bbox 1113 1941 1181 1997; x_wconf 92' lang='lat' dir='ltr'>qui</span> <span class='ocrx_word' id='word_1_184' title='bbox 1216 1939 1349 1980; x_wconf 84' lang='lat' dir='ltr'>Jesum</span> <span class='ocrx_word' id='word_1_185' title='bbox 1389 1940 1592 1994; x_wconf 82' lang='lat' dir='ltr'>sanguinis</span> 
     </span>
     <span class='ocr_line' id='line_1_22' title="bbox 102 2020 1591 2081; baseline -0.002 -16"><span class='ocrx_word' id='word_1_186' title='bbox 102 2024 259 2065; x_wconf 86' lang='lat' dir='ltr'>vinculo</span> <span class='ocrx_word' id='word_1_187' title='bbox 293 2026 433 2081; x_wconf 78' lang='lat' dir='ltr'>attigit,</span> <span class='ocrx_word' id='word_1_188' title='bbox 468 2026 534 2081; x_wconf 90' lang='lat' dir='ltr'>qui</span> <span class='ocrx_word' id='word_1_189' title='bbox 566 2032 705 2081; x_wconf 87' lang='lat' dir='ltr'>postea</span> <span class='ocrx_word' id='word_1_190' title='bbox 736 2039 929 2065; x_wconf 88' lang='lat' dir='ltr'>summum</span> <span class='ocrx_word' id='word_1_191' title='bbox 962 2025 1179 2064; x_wconf 83' lang='lat' dir='ltr'>sanctitatis</span> <span class='ocrx_word' id='word_1_192' title='bbox 1202 2038 1344 2064; x_wconf 88' lang='lat' dir='ltr'>nomen</span> <span class='ocrx_word' id='word_1_193' title='bbox 1366 2020 1591 2075; x_wconf 86' lang='lat' dir='ltr'>(Eusebius,</span> 
     </span>
     <span class='ocr_line' id='line_1_23' title="bbox 103 2105 1593 2160; baseline -0.001 -12"><span class='ocrx_word' id='word_1_194' title='bbox 103 2106 151 2148; x_wconf 88' lang='lat' dir='ltr'>II.</span> <span class='ocrx_word' id='word_1_195' title='bbox 175 2107 220 2149; x_wconf 92' lang='lat' dir='ltr'>E.</span> <span class='ocrx_word' id='word_1_196' title='bbox 243 2108 294 2157; x_wconf 88' lang='lat' dir='ltr'>H,</span> <span class='ocrx_word' id='word_1_197' title='bbox 319 2105 405 2160; x_wconf 82' lang='lat'>23),</span> <span class='ocrx_word' id='word_1_198' title='bbox 440 2122 635 2148; x_wconf 89' lang='lat' dir='ltr'>summum</span> <span class='ocrx_word' id='word_1_199' title='bbox 667 2108 706 2148; x_wconf 91' lang='lat' dir='ltr'>in</span> <span class='ocrx_word' id='word_1_200' title='bbox 740 2107 898 2147; x_wconf 84' lang='lat' dir='ltr'>eeclesia</span> <span class='ocrx_word' id='word_1_201' title='bbox 930 2107 1058 2148; x_wconf 87' lang='lat' dir='ltr'>locum</span> <span class='ocrx_word' id='word_1_202' title='bbox 1081 2106 1156 2147; x_wconf 89' lang='lat' dir='ltr'>sibi</span> <span class='ocrx_word' id='word_1_203' title='bbox 1178 2106 1403 2155; x_wconf 80' lang='lat' dir='ltr'>vindicavit,</span> <span class='ocrx_word' id='word_1_204' title='bbox 1438 2108 1469 2146; x_wconf 86' lang='lat' dir='ltr'>is</span> <span class='ocrx_word' id='word_1_205' title='bbox 1494 2114 1593 2147; x_wconf 83' lang='lat' dir='ltr'>certe</span> 
     </span>
     <span class='ocr_line' id='line_1_24' title="bbox 104 2189 1593 2247; baseline -0.001 -16"><span class='ocrx_word' id='word_1_206' title='bbox 104 2205 185 2231; x_wconf 89' lang='lat' dir='ltr'>non</span> <span class='ocrx_word' id='word_1_207' title='bbox 217 2190 401 2247; x_wconf 82' lang='lat' dir='ltr'>indignus</span> <span class='ocrx_word' id='word_1_208' title='bbox 434 2190 519 2240; x_wconf 84' lang='lat' dir='ltr'>fuit,</span> <span class='ocrx_word' id='word_1_209' title='bbox 554 2191 633 2247; x_wconf 90' lang='lat' dir='ltr'>qui,</span> <span class='ocrx_word' id='word_1_210' title='bbox 667 2205 746 2231; x_wconf 82' lang='lat' dir='ltr'>una</span> <span class='ocrx_word' id='word_1_211' title='bbox 779 2205 865 2231; x_wconf 86' lang='lat' dir='ltr'>cum</span> <span class='ocrx_word' id='word_1_212' title='bbox 897 2199 1019 2247; x_wconf 87' lang='lat' dir='ltr'>patre,</span> <span class='ocrx_word' id='word_1_213' title='bbox 1053 2190 1272 2231; x_wconf 87' lang='lat' dir='ltr'>redivivum</span> <span class='ocrx_word' id='word_1_214' title='bbox 1306 2189 1593 2246; x_wconf 80' lang='lat' dir='ltr'>Sospitatorem</span> 
     </span>
     <span class='ocr_line' id='line_1_25' title="bbox 105 2274 1591 2331; baseline -0.001 -16"><span class='ocrx_word' id='word_1_215' title='bbox 105 2275 330 2316; x_wconf 87' lang='lat' dir='ltr'>conveniret</span> <span class='ocrx_word' id='word_1_216' title='bbox 361 2282 399 2315; x_wconf 87' lang='lat' dir='ltr'>et</span> <span class='ocrx_word' id='word_1_217' title='bbox 430 2276 542 2331; x_wconf 90' lang='lat' dir='ltr'>quasi</span> <span class='ocrx_word' id='word_1_218' title='bbox 574 2274 849 2331; x_wconf 81' lang='lat' dir='ltr'>gratularetur.</span> <span class='ocrx_word' id='word_1_219' title='bbox 902 2274 1006 2315; x_wconf 82' lang='lat' dir='ltr'>Haec</span> <span class='ocrx_word' id='word_1_220' title='bbox 1031 2276 1172 2324; x_wconf 87' lang='lat' dir='ltr'>omnia,</span> <span class='ocrx_word' id='word_1_221' title='bbox 1207 2276 1279 2316; x_wconf 89' lang='lat' dir='ltr'>etsi</span> <span class='ocrx_word' id='word_1_222' title='bbox 1303 2274 1591 2322; x_wconf 86' lang='lat' dir='ltr'>verisimillima,</span> 
     </span>
     <span class='ocr_line' id='line_1_26' title="bbox 104 2358 1593 2415; baseline -0.001 -16"><span class='ocrx_word' id='word_1_223' title='bbox 104 2372 185 2399; x_wconf 90' lang='lat' dir='ltr'>non</span> <span class='ocrx_word' id='word_1_224' title='bbox 222 2360 261 2399; x_wconf 91' lang='lat' dir='ltr'>in</span> <span class='ocrx_word' id='word_1_225' title='bbox 293 2366 428 2414; x_wconf 87' lang='lat' dir='ltr'>aperto</span> <span class='ocrx_word' id='word_1_226' title='bbox 462 2366 574 2408; x_wconf 88' lang='lat' dir='ltr'>sunt,</span> <span class='ocrx_word' id='word_1_227' title='bbox 616 2358 684 2399; x_wconf 86' lang='lat' dir='ltr'>sed</span> <span class='ocrx_word' id='word_1_228' title='bbox 715 2372 734 2398; x_wconf 88' lang='lat' dir='ltr'>e</span> <span class='ocrx_word' id='word_1_229' title='bbox 765 2373 894 2399; x_wconf 89' lang='lat' dir='ltr'>rerum</span> <span class='ocrx_word' id='word_1_230' title='bbox 927 2360 1122 2415; x_wconf 82' lang='lat' dir='ltr'>vestigiis,</span> <span class='ocrx_word' id='word_1_231' title='bbox 1165 2367 1202 2399; x_wconf 88' lang='lat' dir='ltr'>et</span> <span class='ocrx_word' id='word_1_232' title='bbox 1234 2359 1346 2414; x_wconf 84' lang='lat' dir='ltr'>quasi</span> <span class='ocrx_word' id='word_1_233' title='bbox 1378 2358 1593 2398; x_wconf 87' lang='lat' dir='ltr'>litterarum</span> 
     </span>
     <span class='ocr_line' id='line_1_27' title="bbox 105 2440 1593 2498; baseline -0.001 -16"><span class='ocrx_word' id='word_1_234' title='bbox 105 2441 289 2483; x_wconf 89' lang='lat' dir='ltr'>ductibus</span> <span class='ocrx_word' id='word_1_235' title='bbox 321 2441 503 2483; x_wconf 87' lang='lat' dir='ltr'>eruenda.</span> <span class='ocrx_word' id='word_1_236' title='bbox 555 2440 707 2495; x_wconf 80' lang='lat' dir='ltr'>Quodsi</span> <span class='ocrx_word' id='word_1_237' title='bbox 739 2441 826 2482; x_wconf 85' lang='lat' dir='ltr'>talis</span> <span class='ocrx_word' id='word_1_238' title='bbox 858 2441 971 2482; x_wconf 88' lang='lat' dir='ltr'>labor</span> <span class='ocrx_word' id='word_1_239' title='bbox 1002 2444 1041 2482; x_wconf 90' lang='lat' dir='ltr'>in</span> <span class='ocrx_word' id='word_1_240' title='bbox 1074 2441 1237 2498; x_wconf 82' lang='lat' dir='ltr'>singulis</span> <span class='ocrx_word' id='word_1_241' title='bbox 1269 2441 1472 2497; x_wconf 80' lang='lat' dir='ltr'>Evangelii</span> <span class='ocrx_word' id='word_1_242' title='bbox 1504 2456 1593 2481; x_wconf 87' lang='lat' dir='ltr'>nar-</span> 
     </span>
     <span class='ocr_line' id='line_1_28' title="bbox 105 2523 1594 2582; baseline -0.001 -16"><span class='ocrx_word' id='word_1_243' title='bbox 105 2525 323 2566; x_wconf 88' lang='lat' dir='ltr'>rationibus</span> <span class='ocrx_word' id='word_1_244' title='bbox 356 2525 624 2567; x_wconf 87' lang='lat' dir='ltr'>consectandis</span> <span class='ocrx_word' id='word_1_245' title='bbox 656 2540 737 2566; x_wconf 91' lang='lat' dir='ltr'>non</span> <span class='ocrx_word' id='word_1_246' title='bbox 770 2527 851 2566; x_wconf 90' lang='lat' dir='ltr'>sine</span> <span class='ocrx_word' id='word_1_247' title='bbox 883 2524 1013 2566; x_wconf 87' lang='lat' dir='ltr'>fructu</span> <span class='ocrx_word' id='word_1_248' title='bbox 1044 2533 1235 2582; x_wconf 89' lang='lat' dir='ltr'>ponetur,</span> <span class='ocrx_word' id='word_1_249' title='bbox 1278 2525 1374 2581; x_wconf 89' lang='lat' dir='ltr'>quid</span> <span class='ocrx_word' id='word_1_250' title='bbox 1406 2523 1520 2566; x_wconf 86' lang='lat' dir='ltr'>facies</span> <span class='ocrx_word' id='word_1_251' title='bbox 1553 2525 1594 2565; x_wconf 92' lang='lat' dir='ltr'>in</span> 
     </span>
     <span class='ocr_line' id='line_1_29' title="bbox 107 2606 1592 2665; baseline -0.001 -16"><span class='ocrx_word' id='word_1_252' title='bbox 107 2622 216 2649; x_wconf 87' lang='lat' dir='ltr'>casca</span> <span class='ocrx_word' id='word_1_253' title='bbox 246 2617 439 2650; x_wconf 89' lang='lat' dir='ltr'>vetustate</span> <span class='ocrx_word' id='word_1_254' title='bbox 469 2609 724 2650; x_wconf 85' lang='lat' dir='ltr'>Pentateuchi</span> <span class='ocrx_word' id='word_1_255' title='bbox 757 2609 1029 2665; x_wconf 76' lang='lat' dir='ltr'>exploranda?</span> <span class='ocrx_word' id='word_1_256' title='bbox 1064 2608 1267 2657; x_wconf 87' lang='lat' dir='ltr'>Profecto,</span> <span class='ocrx_word' id='word_1_257' title='bbox 1302 2615 1349 2648; x_wconf 90' lang='lat' dir='ltr'>ut</span> <span class='ocrx_word' id='word_1_258' title='bbox 1380 2610 1433 2648; x_wconf 86' lang='lat' dir='ltr'>ait</span> <span class='ocrx_word' id='word_1_259' title='bbox 1455 2606 1592 2650; x_wconf 89' lang='lat' dir='ltr'>Cicero</span> 
     </span>
     <span class='ocr_line' id='line_1_30' title="bbox 108 2688 1619 2748; baseline -0.001 -16"><span class='ocrx_word' id='word_1_260' title='bbox 108 2688 172 2744; x_wconf 86' lang='lat' dir='ltr'>(de</span> <span class='ocrx_word' id='word_1_261' title='bbox 193 2691 306 2732; x_wconf 90' lang='lat' dir='ltr'>Finn.</span> <span class='ocrx_word' id='word_1_262' title='bbox 329 2692 364 2742; x_wconf 93' lang='lat' dir='ltr'>I,</span> <span class='ocrx_word' id='word_1_263' title='bbox 389 2690 446 2745; x_wconf 91' lang='lat'>3),</span> <span class='ocrx_word' id='word_1_264' title='bbox 482 2707 578 2734; x_wconf 82' lang='lat' dir='ltr'>»nec</span> <span class='ocrx_word' id='word_1_265' title='bbox 609 2692 750 2734; x_wconf 90' lang='lat' dir='ltr'>modus</span> <span class='ocrx_word' id='word_1_266' title='bbox 785 2700 844 2734; x_wconf 88' lang='lat' dir='ltr'>est</span> <span class='ocrx_word' id='word_1_267' title='bbox 875 2692 978 2733; x_wconf 85' lang='lat' dir='ltr'>ullus</span> <span class='ocrx_word' id='word_1_268' title='bbox 1011 2691 1272 2748; x_wconf 80' lang='lat' dir='ltr'>investigandi</span> <span class='ocrx_word' id='word_1_269' title='bbox 1294 2692 1395 2741; x_wconf 88' lang='lat' dir='ltr'>veri,</span> <span class='ocrx_word' id='word_1_270' title='bbox 1429 2693 1504 2732; x_wconf 89' lang='lat' dir='ltr'>nisi</span> <span class='ocrx_word' id='word_1_271' title='bbox 1536 2693 1619 2735; x_wconf 75' lang='lat' dir='ltr'>in-¹</span> 
     </span>
     <span class='ocr_line' id='line_1_31' title="bbox 107 2774 1596 2833; baseline -0.001 -17"><span class='ocrx_word' id='word_1_272' title='bbox 107 2777 280 2825; x_wconf 71' lang='lat' dir='ltr'>veneris,</span> <span class='ocrx_word' id='word_1_273' title='bbox 313 2783 351 2817; x_wconf 86' lang='lat' dir='ltr'>et</span> <span class='ocrx_word' id='word_1_274' title='bbox 371 2776 582 2832; x_wconf 88' lang='lat' dir='ltr'>quaerendi</span> <span class='ocrx_word' id='word_1_275' title='bbox 605 2775 829 2833; x_wconf 81' lang='lat' dir='ltr'>defatigatio</span> <span class='ocrx_word' id='word_1_276' title='bbox 854 2778 979 2832; x_wconf 87' lang='lat' dir='ltr'>turpis</span> <span class='ocrx_word' id='word_1_277' title='bbox 1003 2784 1072 2825; x_wconf 88' lang='lat' dir='ltr'>est,</span> <span class='ocrx_word' id='word_1_278' title='bbox 1108 2789 1229 2831; x_wconf 89' lang='lat' dir='ltr'>quum</span> <span class='ocrx_word' id='word_1_279' title='bbox 1257 2774 1310 2825; x_wconf 91' lang='lat' dir='ltr'>id,</span> <span class='ocrx_word' id='word_1_280' title='bbox 1345 2774 1454 2831; x_wconf 90' lang='lat' dir='ltr'>quod</span> <span class='ocrx_word' id='word_1_281' title='bbox 1477 2789 1596 2831; x_wconf 86' lang='lat' dir='ltr'>quae-</span> 
     </span>
     <span class='ocr_line' id='line_1_32' title="bbox 107 2858 1594 2915; baseline -0.001 -16"><span class='ocrx_word' id='word_1_282' title='bbox 107 2861 219 2909; x_wconf 86' lang='lat' dir='ltr'>ritur,</span> <span class='ocrx_word' id='word_1_283' title='bbox 254 2861 305 2899; x_wconf 82' lang='lat' dir='ltr'>sit</span> <span class='ocrx_word' id='word_1_284' title='bbox 333 2859 673 2915; x_wconf 75' lang='lat' dir='ltr'>pulcherrimum«</span> <span class='ocrx_word' id='word_1_285' title='bbox 712 2858 764 2902; x_wconf 90' lang='lat' dir='ltr'>Ut</span> <span class='ocrx_word' id='word_1_286' title='bbox 794 2862 834 2901; x_wconf 90' lang='lat' dir='ltr'>in</span> <span class='ocrx_word' id='word_1_287' title='bbox 857 2858 1092 2902; x_wconf 88' lang='lat' dir='ltr'>Californiae</span> <span class='ocrx_word' id='word_1_288' title='bbox 1114 2858 1357 2900; x_wconf 88' lang='lat' dir='ltr'>convallibus</span> <span class='ocrx_word' id='word_1_289' title='bbox 1381 2867 1418 2899; x_wconf 89' lang='lat' dir='ltr'>et</span> <span class='ocrx_word' id='word_1_290' title='bbox 1439 2859 1594 2899; x_wconf 82' lang='lat' dir='ltr'>saxosis</span> 
     </span>
    </p>
   </div>
   <div class='ocr_carea' id='block_1_3' title="bbox 108 2939 1596 3000">
    <p class='ocr_par' dir='ltr' id='par_1_3' title="bbox 108 2939 1596 3000">
     <span class='ocr_line' id='line_1_33' title="bbox 108 2939 1596 3000; baseline -0.001 -17"><span class='ocrx_word' id='word_1_291' title='bbox 108 2941 375 2984; x_wconf 86' lang='lat' dir='ltr'>Australasiae</span> <span class='ocrx_word' id='word_1_292' title='bbox 415 2945 579 3000; x_wconf 89' lang='lat' dir='ltr'>campis,</span> <span class='ocrx_word' id='word_1_293' title='bbox 620 2945 674 2985; x_wconf 88' lang='lat' dir='ltr'>ita</span> <span class='ocrx_word' id='word_1_294' title='bbox 711 2945 750 2985; x_wconf 92' lang='lat' dir='ltr'>in</span> <span class='ocrx_word' id='word_1_295' title='bbox 786 2951 871 2986; x_wconf 88' lang='lat' dir='ltr'>tota</span> <span class='ocrx_word' id='word_1_296' title='bbox 902 2957 1104 2986; x_wconf 88' lang='lat' dir='ltr'>sacrorum</span> <span class='ocrx_word' id='word_1_297' title='bbox 1135 2942 1327 2985; x_wconf 90' lang='lat' dir='ltr'>librorum</span> <span class='ocrx_word' id='word_1_298' title='bbox 1359 2944 1455 2984; x_wconf 87' lang='lat' dir='ltr'>serie</span> <span class='ocrx_word' id='word_1_299' title='bbox 1488 2939 1596 2982; x_wconf 86' lang='lat' dir='ltr'>haud</span> 
     </span>
    </p>
   </div>
  </div>
 </body>
</html>
