1867 3301
784 194 883 241 239

329 336 394 377 Ad
424 337 532 377 rivos
563 334 850 376 Rubenitarum
884 349 1026 391 magna
1057 342 1167 375 crant
1198 334 1316 374 animi
1350 334 1523 375 consilia.

87 429 207 457 ΜΝ*-
235 427 296 467 [w]
332 418 466 460 Gilead
498 427 605 459 trans
637 418 856 460 ¹Iordanum
891 418 1096 474 tranquille
1129 416 1309 466 sedebat,

327 502 378 543 Et
408 502 514 551 Dan,
550 516 669 558 quare
703 501 921 543 divertebat
953 502 1002 542 ad
1034 501 1182 542 naves?

328 585 458 626 Asher
491 585 540 626 ad
571 586 680 626 littus
713 587 905 626 marinum
937 584 1265 634 commorabatur,

328 668 379 710 Et
411 668 460 709 ad
492 671 601 710 sinus
635 684 729 711 suos
764 668 1077 725 conquiescebat.

229 762 293 798 [18]
327 751 506 794 Zebulon
538 761 667 794 autem
690 761 748 794 cst
767 750 942 809 populus
965 753 1033 808 qui
1055 754 1176 793 vitam
1196 750 1439 806 vilipendens
1461 752 1576 793 morti

939 850 978 876 se
1013 834 1168 884 obtulit,

332 920 504 976 Itemque
536 918 770 976 Naphthali,
804 921 843 960 in
876 934 971 976 agro
1004 927 1205 960 montano.

235 1011 298 1050 [12]
332 1003 436 1059 Age,
472 1018 561 1059 age,
596 1002 772 1053 Deh01·a‚
808 1018 898 1060 age,
932 1018 1023 1060 age,
1058 1018 1209 1044 carmen
1243 1001 1354 1043 cane!

752 1114 864 1147 Strophe
885 1114 910 1141 7.

710 1184 735 1209 D
752 1184 776 1210 E
794 1184 817 1209 B
836 1184 858 1210 o
876 1184 902 1210 R
920 1185 956 1210 A.

231 1262 294 1299 [19]
327 1253 531 1294 Venerunt
561 1267 684 1309 reges,
717 1261 958 1309 pugnarunt,

330 1336 433 1377 Tum
464 1344 693 1392 pugnarunt
723 1350 833 1392 reges
868 1335 1183 1386 Canaanstarum,

327 1420 370 1460 In
404 1419 643 1461 Tahanacho
677 1419 726 1460 ad
758 1434 879 1476 aquas
910 1419 1182 1477 Megiddoni53

330 1502 408 1545 Sed
439 1518 486 1544 ne
518 1502 729 1545 frustulum
763 1503 919 1560 quidem
952 1505 1100 1560 argenti
1131 1511 1398 1559 reportarunt.

234 1596 296 1631 [20]
330 1586 387 1628 De
420 1587 528 1628 coelo
561 1595 791 1644 pugnarunt
821 1587 965 1637 stellae,

326 1670 390 1711 Ex
423 1669 560 1712 orbitis
594 1673 675 1712 suis
707 1680 936 1728 pugnarunt
968 1679 1104 1712 contra
1136 1669 1297 1712 Sisram.

233 1764 295 1799 [21]
330 1753 504 1795 Torrens
539 1753 755 1807 Quishonis
788 1754 962 1811 abripuit
993 1770 1072 1804 eos,

329 1836 503 1878 Torrens
535 1837 731 1879 hostiliter
763 1840 1086 1880 antevertentium
1120 1846 1178 1879 est
1202 1846 1356 1879 torrens
1380 1836 1574 1891 Quishon.

330 1919 611 1971 conculcabas,
647 1923 773 1963 anima
805 1937 908 1971 mea,
943 1921 1153 1963 robustos!

237 2013 299 2049 [22]
333 2003 435 2044 Tum
468 2012 609 2046 terram
642 2014 959 2061 conquassarunt
990 2005 1110 2046 calces
1143 2020 1348 2062 equorum,

331 2086 391 2129 Ob
423 2090 674 2145 praecipitem
705 2088 838 2146 fugam
870 2088 1175 2131 fortissimorum
1209 2104 1258 2131 ex
1288 2089 1375 2131 iliis.

751 2200 865 2234 Strophe
884 2200 909 2228 8.

692 2270 967 2304 BARAQUUs.

235 2348 298 2383 [23]
329 2337 631 2380 Exsecraminor
659 2339 819 2390 Meron,
856 2339 958 2381 dixit
989 2341 1163 2381 minister
1195 2340 1381 2391 Jehovae,

327 2421 629 2464 Exsecraminor
661 2424 743 2479 ejus
776 2423 936 2474 incolas,

328 2504 429 2559 Quia
460 2521 541 2547 non
572 2515 765 2549 venerunt
796 2507 845 2548 ad
876 2507 1050 2549 Jehovae
1082 2507 1284 2556 auxilium,

326 2588 391 2631 Ad
421 2589 595 2634 Jehovae
627 2591 818 2633 auxilium
851 2606 938 2632 cum
970 2593 1051 2632 suis
1084 2590 1284 2631 militibus.

751 2703 863 2737 stropho
885 2703 908 2730 9.

706 2772 952 2799 DEBORm

235 2850 296 2884 [24]
328 2838 505 2881 Laudata
536 2841 588 2881 sit
616 2856 708 2897 prae
741 2841 969 2883 mulieribus
1001 2839 1147 2892 Jalmla,

328 2919 440 2964 Uxor
473 2920 639 2966 Cheberi
669 2922 854 2976 Kinnaei,
