1867 3301
944 208 1044 255 244

248 355 430 389 turorum
463 361 512 388 ex
542 346 702 389 meridie
734 348 773 388 in
807 349 1110 404 septentrionem
1143 347 1332 390 fluctuum
1364 349 1531 405 impetus
1554 350 1606 390 ita
1629 350 1741 391 siste-

248 438 368 481 retur,
402 439 448 472 ut
478 430 626 472 refluus
659 432 776 472 maris
809 439 961 481 motus,
1002 445 1122 488 quum
1154 433 1186 473 is
1220 431 1313 473 alias
1347 446 1414 473 sex
1447 431 1566 474 horas
1599 431 1739 474 durare

249 514 393 564 soleat,
427 523 521 555 tunc
554 512 758 555 duodecim
792 515 910 556 horas
945 514 1162 565 duraverit,
1198 515 1306 572 quod
1337 515 1438 557 idem
1470 517 1509 556 in
1531 515 1740 557 Hollandia

247 597 297 639 A.
323 596 366 639 C.
390 596 654 639 MDCLXXII
675 597 860 639 accidisse
883 597 1042 639 seratur.
1082 597 1148 639 Ad
1169 607 1322 655 tempus
1346 600 1384 639 in
1407 600 1492 655 ipsa
1512 600 1740 655 trajectione

249 680 500 736 absumptum
544 679 652 737 quod
693 683 851 731 attinet,
894 690 1027 722 monet
1048 680 1379 732 ¹Rosenmiillerus
1413 682 1618 723 verisimile
1656 697 1739 724 esse

247 766 456 805 maximam
500 764 760 806 Israelitarum
806 773 956 820 partem
996 780 1082 806 cum
1122 764 1370 815 mulieribus,
1419 764 1653 815 infantibus,
1702 773 1741 807 et

246 848 456 905 pecoribus
483 848 565 904 jam
598 856 709 889 antea
742 850 779 889 in
803 848 989 890 Arabiam
1021 850 1228 905 migrasse,
1263 863 1339 905 qua
1370 851 1520 890 ratione
1552 863 1738 891 numerus

246 933 533 973 transeuntium
555 930 667 972 valde
699 934 950 981 minueretur,
986 940 1102 988 atque
1133 934 1187 973 ita
1217 934 1407 973 transitus
1440 932 1563 973 multo
1590 931 1739 974 facilior

248 1024 361 1057 esset.
424 1014 617 1071 Equidem
659 1014 761 1056 addo
796 1030 884 1064 cos,
928 1017 995 1072 qui
1026 1030 1096 1071 per
1128 1030 1232 1056 mare
1263 1015 1504 1066 transibant,
1547 1015 1739 1072 quodam-

245 1098 365 1139 modo
399 1106 584 1140 armatam
617 1113 699 1140 esse
732 1100 908 1139 virorum
939 1099 1249 1149 multitudinem,
1283 1101 1351 1155 qui
1382 1101 1640 1140 novissimum
1673 1098 1739 1140 de-

248 1181 464 1223 cedentium
506 1196 643 1238 agmen
686 1181 918 1223 claudebant
950 1178 1013 1235 (ef.
1046 1181 1176 1223 Exod.
1198 1182 1289 1231 XII,
1317 1181 1384 1231 37,
1409 1179 1496 1236 38).
1561 1181 1738 1224 Consen-

245 1273 403 1306 taneum
436 1273 495 1307 est
526 1265 679 1307 credere
711 1265 916 1315 Israelitas,
951 1280 1121 1322 quorum
1143 1266 1321 1307 nonnulli
1344 1265 1469 1307 saltim
1492 1267 1531 1306 in
1555 1264 1737 1307 Goshene

245 1348 468 1390 habitantes
508 1348 608 1390 bella
649 1363 733 1390 cum
775 1351 911 1390 vicinis
952 1348 1174 1390 Philistaeis
1216 1348 1449 1391 exercebant
1489 1345 1537 1400 (1
1564 1348 1733 1405 Paralip.

245 1431 335 1482 VII,
363 1430 456 1485 21),
500 1432 667 1489 aliquam
702 1440 936 1474 armaturam
969 1431 1166 1474 habuisse.
1230 1431 1310 1473 Nee
1340 1432 1495 1473 Pharao
1529 1446 1616 1473 cum
1647 1446 1737 1473 sex-

246 1517 365 1556 centis
406 1515 586 1557 curribus
626 1516 844 1557 lectissimis
885 1524 1001 1572 atque
1044 1518 1148 1557 omni
1191 1517 1367 1572 equitatu
1408 1516 1584 1564 exiisset,
1626 1516 1658 1555 si
1694 1516 1735 1556 in

245 1600 409 1639 inermes
440 1598 648 1655 profugos,
687 1601 754 1655 qui
786 1599 893 1640 nulla
923 1599 999 1640 tela
1030 1598 1238 1648 haberent,
1282 1598 1426 1655 quibus
1460 1613 1499 1639 se
1532 1597 1735 1639 defendere

246 1690 456 1731 certarent,
490 1684 677 1738 impetum
709 1681 848 1723 fuisset
878 1681 1065 1723 facturus.
1117 1681 1357 1723 Crediderim
1388 1683 1522 1737 potius
1547 1681 1736 1737 aliquam-

245 1764 313 1806 diu
343 1765 577 1821 proeliatum
611 1780 693 1806 esse
726 1766 826 1805 inter
856 1767 1108 1806 novissimam
1140 1764 1399 1806 israelitarum
1432 1766 1549 1805 aciem
1585 1772 1623 1805 et
1652 1765 1735 1820 pri-

243 1863 349 1891 mum
380 1847 671 1905 Aegyptiorum
711 1862 867 1904 agmen,
911 1847 1035 1889 donee
1066 1855 1183 1889 vento
1225 1855 1397 1889 cessante
1438 1855 1476 1888 et
1505 1855 1734 1904 tempestate

243 1931 428 1973 fulminea
453 1939 606 1981 coorta,
641 1931 784 1972 fluctus
807 1931 996 1980 redirent,
1032 1939 1069 1972 et
1090 1931 1278 1988 Aegyptii
1300 1933 1414 1972 nimis
1437 1945 1523 1972 sero
1547 1945 1734 1988 agnosce-

242 2023 330 2057 rent
361 2029 401 2056 se
434 2023 569 2055 contra
590 2014 781 2055 Jebovam
803 2029 978 2071 pugnare
1003 2013 1066 2067 (cf.
1092 2016 1206 2055 etiam
1231 2012 1250 2055 1
1272 2013 1377 2055 Sam.
1400 2014 1465 2063 IV,
1491 2010 1548 2067 8).
1596 2012 1732 2070 Neque

244 2100 344 2140 enim
384 2098 493 2139 aliter
531 2097 744 2154 intelligere
789 2112 951 2154 possum
992 2099 1254 2138 narrationem
1296 2096 1398 2137 illam
1441 2094 1593 2150 (Exod.
1623 2095 1729 2146 XIV,

244 2179 301 2222 24
323 2177 441 2237 sqq),
473 2180 663 2221 Jehovam
698 2182 796 2221 circa
831 2181 999 2237 vigiliam
1032 2182 1260 2221 matutinam
1292 2181 1544 2236 prospexisse
1577 2195 1598 2220 e
1627 2179 1732 2221 nube

241 2263 382 2319 iynea,
425 2277 503 2319 quo
538 2265 626 2303 visu
657 2262 878 2319 Aegyptios
920 2264 1134 2305 clamitasse
1177 2262 1417 2320 »fugiamusl
1460 2277 1550 2303 nam
1579 2261 1731 2303 Jehova

242 2361 315 2402 pro
347 2346 530 2387 Israelitis
573 2353 708 2387 contra
746 2360 819 2386 nos
851 2354 1044 2402 pugnat«
1107 2346 1203 2388 Rem
1236 2345 1362 2387 fusius
1395 2345 1563 2402 explicat
1593 2352 1731 2386 auctor

241 2429 386 2471 Psalmi
417 2428 622 2478 LXXVII,
650 2426 701 2470 17
725 2442 833 2485 sqq:

455 2573 638 2611 Viderunt
658 2581 693 2611 te
716 2585 841 2623 aquae,
864 2586 884 2610 ο
908 2573 1017 2620 Deus,
1039 2572 1210 2611 viderunt
1230 2580 1266 2610 tc
1289 2580 1324 2611 et
1345 2573 1556 2619 timuerunt,

454 2645 574 2683 Etiam
597 2645 723 2695 abyssi
745 2652 1051 2683 contremuerunt.

453 2717 576 2754 Nubes
599 2729 711 2766 aquas
734 2717 956 2764 effuderunt,
979 2717 1103 2754 aether
1125 2715 1305 2767 fragorem
1329 2716 1469 2763 edebat,

455 2785 544 2826 Tela
566 2795 628 2825 tua
649 2788 785 2838 ubique
806 2787 1064 2838 pcrvadcbant.

452 2860 491 2896 In
515 2861 659 2897 aethere
680 2862 819 2897 tonitru
841 2867 944 2898 tuum
967 2860 1130 2905 sonabat,

452 2932 613 2981 Fulgura
633 2939 696 2969 tua
717 2945 782 2982 per
804 2931 928 2970 orbem
952 2932 1204 2978 coruscabant,

1852 2495 1867 2882 zar-QAm-nnn——n
1863 2478 1865 2483 Δ
1863 2410 1867 2461 ..-.
1863 2379 1867 2397 .-
