1867 3301
291 402 505 431 Denexxxss.

441 442 504 481 [19]

439 590 502 629 [20]

438 923 501 962 [21]

437 1256 499 1295 [22]

437 1590 500 1628 [2³]

437 1759 498 1792 [24]

435 2092 497 2126 [25]

434 2257 495 2291 [26]

436 2423 497 2457 [27]

435 2755 495 2789 [28]

433 2921 494 2956 [29]

534 331 585 372 Et
616 331 760 372 oblitus
793 345 832 371 es
865 330 936 370 Dei
969 332 1153 370 creatoris
1186 332 1255 371 tui.

536 415 642 471 Ergo
676 413 774 455 vidit
803 413 955 455 Jehova
988 421 1025 453 et
1055 413 1188 467 rejecit
1218 427 1298 462 eos,

532 498 630 539 Prae
662 499 719 538 ira
751 511 829 553 qua
860 499 899 537 in
930 496 1032 537 filios
1065 511 1160 537 suos
1192 495 1368 552 filiasque
1400 505 1619 538 commotus
1653 506 1722 547 est,

535 581 586 622 Et
617 580 736 621 dixit:
771 578 1049 621 »Abscondam
1080 578 1213 620 faciem
1244 594 1367 621 meam
1399 579 1446 620 ab
1479 579 1564 629 illis,

534 663 689 705 Videbo
724 665 790 720 qui
823 665 874 704 sit
905 661 1060 704 futurus
1095 677 1230 703 eorum
1263 665 1405 705 exitus.

532 746 631 789 Nam
662 749 860 804 generatio
892 760 1077 803 perversa
1109 754 1202 794 sunt
1232 746 1298 795 illi,

533 831 620 872 Filii
652 832 691 871 in
724 829 868 886 quibus
901 844 981 870 non
1014 838 1071 870 est
1103 831 1257 871 veritas.

532 915 589 956 Illi
621 928 681 955 me
712 915 751 954 in
784 913 909 955 zelum
942 920 1238 954 commoverunt
1267 926 1337 967 per
1368 926 1448 953 non
1475 937 1519 944 —-
1548 912 1687 964 Deum,

531 998 786 1039 Irritaverunt
817 1010 876 1036 me
908 995 1023 1036 idolis
1057 997 1137 1035 suis
1170 994 1374 1045 inanibus3

531 1081 663 1138 Itaque
682 1095 753 1137 ego
772 1093 907 1120 eorum
931 1078 1055 1120 zelum
1072 1078 1300 1134 provocabo
1319 1093 1389 1135 per
1406 1093 1487 1119 non
1505 1104 1551 1109 —
1571 1080 1775 1136 populum,

531 1165 607 1206 Per
637 1166 790 1221 gentem
823 1161 1143 1204 contemnendam
1176 1177 1242 1203 eos
1276 1161 1452 1203 irritabo.

530 1249 635 1305 Ignis
668 1249 767 1288 enim
799 1260 983 1288 accensus
1017 1254 1075 1286 est
1104 1254 1268 1302 propter
1299 1247 1395 1286 iram
1425 1260 1561 1295 meam,

530 1330 644 1386 Isque
677 1328 829 1370 ardebit
859 1344 986 1386 usque
1018 1329 1067 1370 ad
1098 1331 1174 1370 ima
1205 1337 1341 1378 terrae,

531 1412 726 1455 Absumet
756 1413 931 1454 tellurem
963 1427 1049 1453 eum
1081 1420 1279 1469 proventu
1311 1427 1397 1462 suo,

531 1495 582 1537 Et
612 1498 804 1537 montium
835 1495 1086 1537 fundamenta
1118 1495 1331 1537 comburet.

535 1577 755 1621 cumulabo
787 1582 827 1620 in
859 1594 926 1621 eos
958 1578 1184 1629 infortunia,

533 1663 629 1705 Tela
659 1677 743 1703 mea
777 1664 905 1703 omnia
936 1665 983 1703 iis
1015 1661 1247 1718 impendam.

531 1746 727 1788 Exhausti
759 1754 873 1786 erunt
903 1745 1014 1795 same,
1049 1754 1087 1786 et
1119 1745 1315 1801 absumpti
1347 1755 1468 1802 peste,

531 1830 581 1871 Et
613 1831 732 1870 exitio
765 1829 974 1869 virulento.

531 1913 694 1955 Dentem
725 1912 938 1953 bestiarum
970 1914 1017 1953 iis
1049 1914 1252 1954 immittam

532 1995 617 2038 Una
649 2011 735 2037 cum
767 2010 916 2037 veneno
949 1997 1167 2052 repentium
1199 1998 1236 2036 in
1269 1996 1443 2052 pulvere.

530 2080 644 2121 Foris
678 2078 834 2120 orbabit
863 2079 1016 2135 gladius
1050 2087 1088 2120 et
1117 2081 1157 2120 in
1187 2079 1451 2136 penetralibus
1485 2088 1622 2129 terror,

533 2162 661 2216 Quum
688 2163 854 2218 juvenes
887 2170 970 2204 tum
1002 2164 1186 2219 virgines,
1220 2163 1403 2205 lactentes
1436 2172 1474 2205 et
1504 2178 1626 2205 senes.

529 2245 724 2286 Dicerem:
767 2245 978 2301 Dispellain
1011 2260 1090 2295 eos,

530 2327 676 2370 Delebo
710 2343 760 2368 ex
791 2328 1016 2369 hominihus
1050 2343 1186 2369 eorum
1217 2331 1455 2379 memoriam,

530 2410 614 2453 Nisi
648 2411 789 2452 fastum
822 2411 996 2451 hostium
1028 2426 1193 2461 vererer,

529 2493 585 2535 Ne
619 2494 751 2535 alienis
783 2494 867 2535 Diis
898 2493 1041 2535 sactum
1072 2493 1290 2536 tribuerent
1321 2495 1454 2536 hostes
1488 2510 1635 2538 eorum.

528 2576 585 2618 Ne
619 2577 809 2619 dicerent:
841 2591 978 2618 manus
1010 2585 1145 2618 nostra
1177 2577 1304 2618 valida
1336 2586 1406 2627 est,

529 2661 681 2702 jehova
713 2670 841 2702 autem
873 2661 967 2702 haec
1000 2662 1129 2701 omnia
1161 2675 1240 2701 non
1272 2663 1454 2716 patravit.

528 2743 627 2784 Nam
659 2746 764 2786 natio
799 2753 868 2794 est,
904 2759 1002 2801 quae
1035 2746 1115 2784 suis
1148 2746 1250 2800 perit
1281 2745 1464 2794 consiliis,

529 2827 665 2884 Neque
696 2828 774 2868 ulla
806 2829 851 2868 iis
884 2830 985 2868 inest
1015 2826 1235 2883 prudentia.

530 2909 561 2952 Ο
595 2912 626 2952 si
659 2920 860 2967 saperent:
894 2920 976 2953 tum
1010 2910 1268 2967 intelligerent
1299 2911 1386 2960 hoc,
