1867 3301
808 213 868 259 31

628 391 768 434 PARS
803 391 1050 434 SEPTDIA.

215 478 334 519 Varia
373 478 541 518 earmina
583 476 628 517 de
668 474 887 532 proborum
927 476 1090 532 imperio
1134 483 1171 516 et
1211 474 1388 516 felicitate
1420 489 1587 531 regnan-

96 560 200 603 tibus
233 560 382 602 Davide
415 568 453 601 et
485 559 713 601 Solomone.

215 685 266 727 Ut
296 684 555 726 Jasharanum
587 692 793 740 syntagma
834 686 872 724 in
905 691 1052 739 septem
1085 691 1215 739 partes
1249 682 1443 739 digestum
1476 682 1588 723 exhi-

95 768 223 810 berem
265 768 361 809 nihil
400 783 459 808 me
492 769 635 816 movit,
677 769 752 808 nisi
776 768 870 823 ,ipsa
899 766 1227 823 Fragmentorum
1259 769 1359 808 ratio
1394 781 1436 807 ac
1468 774 1588 807 niate-

95 854 184 894 ries.
232 851 311 892 Nec
342 860 470 892 tamen
501 850 646 892 oblitus
670 866 774 900 sum,
811 858 957 907 quanta
980 840 1229 891 veneratione
1252 858 1398 891 veteres
1420 848 1587 889 lIebraei

95 936 317 992 multaeque
349 935 444 976 aliae
478 934 681 976 Semiticae
713 936 846 990 stirpis
879 936 1057 975 nationes
1089 935 1351 990 septenarium
1383 947 1588 973 numerum

96 1021 356 1076 suspicerent,
392 1033 509 1076 quam
540 1018 705 1060 libenter
738 1020 868 1059 omnia
900 1032 971 1058 sua
994 1019 1174 1058 instituta
1197 1026 1234 1058 et
1255 1019 1379 1073 ipsam
1401 1016 1587 1074 loquendi

96 1105 286 1144 rationem
320 1103 411 1143 huic
443 1104 727 1159 computationi
753 1101 1112 1151 accommodarent,
1148 1116 1246 1158 quae
1272 1099 1484 1156 ἐπίτριτον
1506 1114 1588 1141 πυ-

95 1188 242 1240 θμένα
274 1185 604 1242 complectebatur
637 1183 752 1238 (Plat.
776 1184 965 1241 Respubl.
989 1200 1028 1241 p.
1047 1182 1164 1237 546),
1200 1193 1237 1226 et
1269 1200 1459 1225 summam
1488 1184 1588 1225 duo-

95 1285 182 1311 rum
214 1269 377 1310 laterum
409 1268 620 1325 γαμηλίου
653 1267 993 1324 διαγράμματος,
1028 1283 1167 1325 magna
1193 1269 1295 1309 illius
1319 1270 1588 1309 aestimatione

96 1355 196 1394 inter
226 1353 448 1409 Aegyptios
484 1350 705 1405 (Plutarch.
739 1353 787 1393 Is.
829 1360 867 1393 et
900 1351 1001 1394 Osir.
1035 1367 1073 1407 p.
1107 1350 1191 1393 373
1223 1349 1302 1404 Ε),
1346 1351 1586 1392 conficiebat.

94 1437 151 1477 Ita
182 1445 329 1492 septem
363 1438 497 1478 ovium
530 1436 718 1477 sacrificio
745 1436 1013 1491 juramentum
1046 1437 1219 1476 sancitur
1242 1432 1355 1488 (Gen.
1378 1435 1492 1484 XXI,
1518 1434 1586 1476 28.

98 1519 143 1561 cf.
166 1520 313 1561 Herod.
336 1520 402 1569 III,
426 1517 470 1572 8)
504 1528 542 1561 et
572 1519 686 1561 radix
718 1521 803 1576 ipsa
835 1516 953 1586 2521?
987 1518 1036 1559 ad
1061 1503 1342 1574 jusjurandum
1368 1518 1590 1575 significan-

97 1603 189 1645 dum
222 1603 442 1645 adhibetur.
490 1604 547 1644 Ita
579 1612 725 1660 septem
760 1603 966 1644 dumtaxat
996 1602 1172 1659 planetas
1198 1602 1465 1658 agnoscebant
1486 1611 1590 1644 vete-

95 1702 177 1738 res,
214 1686 357 1744 quibus
391 1687 540 1728 dierum
573 1686 819 1727 hebdomada
854 1685 1154 1736 consecrabant,
1190 1686 1290 1728 diem
1319 1695 1448 1728 autem
1471 1688 1590 1743 septi-

97 1786 222 1820 mum,
256 1779 444 1827 tanquam
471 1770 788 1820 Sanctissimum,
824 1772 989 1826 septimo
1024 1770 1226 1827 eidemque
1257 1770 1512 1820 lucidissimo,
1546 1778 1592 1811 ut

97 1856 172 1911 ipsi
210 1853 423 1910 putabant,
468 1854 713 1910 planetarum
751 1853 924 1895 Saturno
967 1854 1187 1896 dedicatum
1227 1853 1430 1903 volebant,
1476 1868 1590 1910 quem

98 1939 327 1994 interpretes
369 1936 555 1979 Chaldaei
594 1939 738 1996 ἾΤ-ἾΞΨ
776 1936 1026 1993 appellabant
1058 1934 1170 1990 (vide
1205 1936 1377 1979 Creuzer
1409 1936 1588 1993 Symbol.

97 2021 143 2071 H,
174 2017 286 2074 186).
334 2022 512 2078 Denique
546 2001 686 2062 orbem
712 2029 902 2062 terrarum
936 2029 974 2061 et
1005 2020 1132 2061 sidera
1163 2021 1259 2061 coeli
1281 2029 1428 2076 septem
1452 2020 1590 2061 diebus

99 2113 226 2145 creata
266 2119 348 2145 esse
387 2104 678 2160 praedicabant.
744 2103 873 2157 Quum
918 2105 1040 2159 igitur
1078 2105 1317 2160 argumentis
1356 2106 1590 2145 intrinsecus

98 2190 229 2244 petitis
251 2187 505 2228 Jasharanam
540 2187 807 2229 collectionem
839 2187 1125 2243 septemplicem
1158 2186 1278 2228 fuisse
1309 2188 1507 2243 ponimus,
1542 2201 1592 2228 ex

99 2271 285 2312 tralatitia
316 2271 389 2312 hac
420 2272 570 2312 numeri
604 2272 813 2326 septenarii
845 2271 1114 2311 aestimatione
1146 2279 1439 2327 argumentum,
1483 2269 1592 2327 quod

100 2357 227 2405 aiunt,
262 2370 284 2395 a
308 2355 448 2411 priori
479 2354 644 2410 adjicere
674 2352 821 2403 licebit,
856 2356 1083 2409 praesertim
1107 2355 1293 2410 quoniam
1315 2353 1388 2395 hae
1410 2362 1591 2409 septenae

99 2447 230 2495 partes
263 2440 303 2479 111
326 2446 515 2494 quaterna
547 2446 584 2480 et
614 2439 717 2479 trina
747 2436 920 2479 membra
942 2445 1083 2494 sponte
1105 2422 1177 2478 sua
1198 2437 1411 2478 discedant.
1457 2436 1591 2478 Talem

100 2522 201 2563 enim
231 2523 483 2577 partitionem
516 2522 755 2578 diagramma
775 2521 871 2562 illud
893 2520 1093 2578 efflagitat.
1140 2521 1196 2562 At
1217 2521 1280 2562 hic
1302 2534 1460 2577 quoque
1480 2522 1592 2576 prior

102 2606 306 2660 quaternio
329 2604 586 2646 Jasharanam
619 2604 836 2647 doctrinam
868 2620 938 2662 per
970 2620 1009 2646 se
1035 2604 1212 2654 exhibet,
1247 2604 1343 2645 alter
1364 2612 1492 2645 autem
1514 2612 1592 2646 ter-

101 2689 166 2729 nio
199 2703 280 2729 non
312 2690 387 2730 nisi
419 2696 497 2731 tres
531 2697 802 2745 separatorum
835 2690 1047 2730 carminum
1082 2687 1222 2730 classes
1255 2687 1536 2745 complectitur.
