1867 3301
961 197 1151 268 338&ae

262 337 421 387 illitum,
463 336 575 394 quale
614 336 678 378 hic
710 337 887 385 innuitur
920 332 974 389 (v.
1004 333 1095 390 14),
1137 335 1279 378 diserte
1310 344 1648 380 commemoratur.
1703 337 1754 381 Et

264 418 492 462 observabis
533 420 740 462 dictionem
780 421 875 480 ΝΞ
907 423 988 479 UD
1030 421 1056 461 i.
1087 434 1118 461 e.
1157 419 1369 475 οἷκουρός,
1410 420 1522 463 domi
1550 419 1750 474 habitans,

263 519 348 546 eum
388 507 426 545 vi
467 504 633 561 quadam
675 503 889 545 adhibitam
931 483 1027 544 esse.
1083 502 1207 545 Foris
1244 503 1476 560 pugnabant
1506 506 1600 553 viri,
1644 505 1755 546 domi

261 587 450 629 sedebant
482 588 682 638 1nuliercs3
717 586 818 628 unde
851 587 915 628 illa
935 586 1081 628 Xerxis
1114 586 1221 643 apud
1245 587 1485 644 Aeschylum
1518 587 1751 629 ludificatio:

665 680 833 733 λέγουσι
867 677 910 722 δ’
934 679 989 730 ὡς
1022 677 1071 733 σι)
1105 684 1182 735 μὲν
1213 683 1349 735 μέγαν
1379 684 1540 732 τέκνοις

321 753 508 795 πλοῦτον
541 753 698 809 ἐκτήσω
733 751 811 804 ξὺν
843 753 982 810 αἰχμῇ,
1016 750 1092 794 τὸν
1123 751 1164 794 δ’
1187 748 1427 806 οἷνανὸρίας
1457 752 1542 795 ὕπο

321 822 477 866 ἔνδον
509 822 808 879 αἰχμάζειν,
841 827 1039 881 πατρῷον
1072 820 1118 866 ‹5’
1144 821 1278 878 ὄλβον
1310 820 1438 866 οῦδὲν
1470 821 1688 876 αὐξάνειν.

1422 906 1545 961 (Pers.
1571 904 1688 962 754).

386 1004 516 1061 Hujus
564 1004 661 1054 loci,
718 1006 784 1060 qui
829 1004 1039 1060 plerosque
1085 1005 1315 1060 interpretes
1361 1002 1550 1044 sollicitos
1596 1000 1748 1052 habuit,

261 1102 348 1129 eum
381 1102 464 1129 esse
498 1103 674 1137 sensum,
710 1102 824 1144 quem
858 1102 978 1143 supra
1011 1086 1059 1128 ad
1081 1086 1260 1129 Deborae
1284 1088 1474 1127 canticum
1499 1082 1554 1143 (p.
1579 1083 1681 1139 289)
1700 1080 1751 1127 'et

259 1172 322 1212 hic
344 1168 515 1227 (p.302)
540 1171 742 1220 declaravi,
770 1171 942 1213 ostendit
963 1173 1045 1227 ipse
1069 1156 1278 1212 verborum
1302 1178 1525 1211 contextuS.
1566 1169 1666 1211 Nam
1688 1169 1751 1210 hic

261 1263 521 1311 opponuntur
551 1255 731 1296 mulieres
753 1254 1004 1305 Israelifflcae,
1039 1255 1172 1312 quales
1205 1263 1315 1307 crant
1346 1262 1433 1295 ante
1457 1262 1606 1310 partam
1626 1255 1751 1295 victo-

257 1340 374 1388 riam,
408 1337 563 1388 iisdem,
600 1338 733 1395 quales
767 1347 876 1380 erant
906 1347 1000 1394 post
1030 1337 1198 1394 praedae
1226 1340 1491 1394 partitionem.
1537 1337 1589 1378 Et
1620 1339 1652 1378 si
1674 1337 1750 1379 hoc

257 1430 434 1478 tempore
474 1422 681 1463 deauratae
721 1430 831 1463 erant
870 1430 907 1463 et
948 1422 1133 1464 candidae
1175 1424 1276 1463 sicut
1306 1430 1443 1463 vertex
1473 1421 1535 1462 ille
1569 1420 1750 1462 Tsalmo-

257 1520 367 1555 neus,
403 1507 470 1562 qui
501 1507 589 1546 nive
621 1513 747 1546 tectus
781 1505 996 1547 albedinem
1031 1521 1141 1546 suam
1173 1520 1470 1562 quaquaversus
1493 1503 1747 1554 diffundebat,

257 1589 487 1645 intelligitur
519 1603 582 1630 eas
622 1596 734 1629 antea
766 1589 877 1630 valde
918 1588 1074 1630 diveiso
1116 1591 1293 1645 emporis
1336 1597 1374 1630 et
1403 1590 1569 1630 vestium
1610 1586 1749 1628 habitu

257 1671 391 1713 fuisse.
439 1671 524 1713 Jam
548 1687 640 1713 vero
674 1686 816 1713 nomen
849 1672 962 1712 duale
995 1669 1166 1740 ΠἾῼΞΨ
1197 1687 1219 1711 a
1240 1671 1361 1712 velbo
1395 1670 1511 1716 ,ΠΞΨ
1542 1671 1746 1721 formatur,

258 1755 387 1812 quod,
427 1763 473 1796 ut
504 1755 738 1811 jampridem
777 1757 933 1796 monuit
962 1755 1135 1797 Jacobus
1166 1754 1394 1796 Robertson
1425 1752 1573 1807 (Clavis
1605 1754 1748 1796 Penta-

256 1839 407 1888 teuchi,
440 1853 479 1894 p.
509 1836 630 1892 268),
674 1847 712 1880 et
742 1854 868 1895 nuper
901 1839 1147 1880 confirmavit
1179 1837 1335 1879 Samuel
1366 1838 1461 1888 Lee,
1500 1837 1667 1879 refertur
1698 1836 1748 1878 ad

255 1923 364 1963 illum
386 1921 563 1964 Arabum
596 1931 634 1963 et
654 1921 923 1964 Hebraeorum
956 1937 1123 1972 morem,
1159 1936 1237 1978 quo
1272 1921 1385 1962 ollam
1421 1923 1459 1962 in
1490 1920 1578 1963 soco
1612 1921 1748 1978 dispo-

255 2005 420 2056 nebant,
455 2005 633 2046 adhibito
667 2004 792 2046 ferreo
825 2006 885 2047 vel
916 2005 1070 2062 lapideo
1105 2005 1384 2054 sustentaculo,
1419 2004 1528 2061 quod
1559 2005 1623 2045 alii
1654 2003 1747 2062 σὴρ]-

255 2090 469 2146 tropodem
500 2089 563 2130 alii
596 2089 800 2144 tripodem
820 2098 975 2130 vocant.
1016 2089 1072 2130 Ita
1093 2088 1198 2130 Elias
1224 2087 1317 2129 dicit
1336 2103 1461 2144 puero
1485 2103 1558 2129 suo
1582 2085 1625 2142 (2
1647 2088 1744 2145 Reg.

254 2172 322 2223 IV,
347 2169 441 2226 38):
479 2174 605 2233 ἾῈΓ]
639 2167 756 2231 nim
796 2173 947 2215 »ollam
977 2187 1171 2228 inaquam
1202 2172 1357 2228 tripodi
1387 2172 1569 2228 impone,
1611 2179 1650 2214 et
1680 2186 1745 2213 co-

257 2270 332 2313 que
371 2256 518 2311 pultem
555 2270 628 2312 pro
660 2236 749 2296 filiis
781 2257 1099 2312 proplietaruin.«
1154 2255 1340 2298 Similiter
1369 2254 1490 2296 Ezek.
1519 2254 1666 2306 XXIV,
1698 2253 1743 2297 3:

255 2333 373 2384 ΞἻΞΨ
407 2340 532 2386 ἾἾῸΠ
564 2341 682 2384 ΠΞΨ
722 2340 903 2395 »toipoda‘
940 2340 1103 2395 impone
1142 2337 1424 2393 ollam,«11bi
1457 2337 1667 2380 adhibetur
1697 2337 1744 2380 de

255 2402 389 2464 ahenis
422 2437 541 2479 super
561 2402 701 2479 grandi
733 2424 821 2479 igne
854 2421 1104 2472 collocandis,
1137 2422 1246 2479 quod
1279 2424 1361 2463 sine
1384 2437 1458 2478 ope
1479 2422 1567 2463 talis
1589 2429 1744 2464 susten-

254 2505 372 2547 taculi
403 2505 486 2547 fieri
517 2514 698 2563 nequeat.
750 2505 879 2559 Quum
912 2507 1032 2563 igitur
1063 2505 1243 2547 mulieres
1274 2505 1359 2548 illae
1382 2504 1619 2547 orientales
1610 2519 1649 2545 111
1671 2503 1744 2546 do-

253 2591 422 2631 mesticis
454 2591 675 2632 ministcriis
708 2598 969 2639 versarentur,
1002 2591 1228 2646 praesertim
1261 2590 1300 2630 in
1332 2603 1372 2630 re
1406 2589 1611 2638 culinaria,
1643 2589 1744 2630 inter

255 2672 486 2729 fuliginosas
519 2675 613 2715 istas
647 2673 742 2715 ollas
776 2681 814 2715 et
845 2672 1111 2729 chytropodes
1143 2687 1223 2714 non
1256 2673 1432 2714 minimas
1465 2671 1602 2714 sordes
1633 2678 1744 2713 erant

255 2764 501 2812 excepturae.
543 2757 594 2798 Et
623 2759 828 2798 notissima
859 2757 922 2797 illa
947 2756 1198 2798 Cinderellae
1229 2753 1287 2810 (Za
1311 2752 1588 2809 Oenei-emolat)
1610 2753 1742 2796 sabula

255 2839 370 2880 docet
408 2840 552 2881 nullam
590 2840 921 2896 μεταμόρφωσιν
956 2842 1078 2897 magis
1118 2855 1201 2881 esse
1243 2841 1512 2897 conspicuam,
1555 2852 1671 2895 quam
1707 2838 1740 2878 si

254 2937 332 2979 qua
363 2923 502 2966 mulier
523 2938 546 2964 a
577 2923 788 2966 sordidatis
822 2924 969 2966 culinae
991 2922 1167 2965 vestibus
1199 2925 1239 2965 in
1266 2922 1513 2979 splendidum
1535 2922 1632 2977 regii
1651 2919 1740 2960 atrii
