1867 3301
926 217 1024 263 130

224 358 421 413 crepantia
453 359 553 397 inter
577 356 748 397 Esavum
783 365 819 397 et
841 356 1031 398 ,Iacobum
1065 359 1240 398 emineat.
1291 355 1415 410 Quam
1450 371 1528 413 quo
1562 357 1716 398 tandem

225 449 338 497 pacto
372 440 508 481 melius
542 438 696 489 efficies,
732 454 848 496 quam
882 441 913 480 si
946 440 1045 481 hanc
1077 440 1238 481 ultionis
1273 448 1309 481 et
1343 439 1534 482 vindictae
1566 440 1718 496 profes-

224 526 371 565 sionem
405 539 590 565 verorum
620 523 881 565 Israelitarum
914 523 1105 579 relligioni
1141 538 1332 580 oppones,
1367 537 1466 579 quae
1498 532 1630 579 aperte
1652 538 1718 564 ve-

222 609 300 649 tuit
330 622 378 648 ne
412 609 500 663 quis
533 609 703 648 vicinum
737 621 852 648 suum
887 606 978 648 odio
1011 605 1202 647 haberet?
1240 605 1344 660 Quid
1377 606 1423 647 de
1455 606 1528 647 hae
1558 622 1599 648 re
1631 621 1719 648 sen-

224 693 318 732 serit
358 691 552 732 Dominus
594 699 730 732 noster
769 698 901 746 aperte
942 689 1177 732 declaratum
1218 698 1277 731 est
1317 705 1362 731 eo
1404 690 1512 740 loco,
1562 693 1630 747 qui
1669 690 1718 731 ad

224 775 405 817 Lamechi
438 774 667 816 cantilenam
699 773 806 815 haud
840 773 1005 815 obscure
1036 775 1195 830 respicit
1228 771 1386 828 (Matth.
1413 774 1557 824 XVIII,
1583 771 1656 826 22)
1677 769 1715 827 ¹).

343 857 526 900 Ceterum
559 858 608 899 ad
638 857 789 914 reliqua
821 866 990 899 transeo.
1056 857 1150 898 Tria
1183 866 1276 899 sunt
1307 859 1467 899 nomina
1499 872 1598 914 quae
1631 872 1718 898 cum

223 941 360 983 Jacobi
392 942 560 983 historia
592 950 694 983 arcte
727 942 937 997 conjuncta
969 949 1081 990 sunt,
1120 940 1306 994 Beth-el,
1340 940 1510 994 Iera-el,
1543 940 1722 983 Pena—el

225 1025 285 1066 vel
306 1025 482 1080 Perti-el,
517 1040 687 1082 quorum
720 1027 855 1081 priora
885 1024 964 1065 duo
999 1039 1079 1065 non
1112 1024 1227 1065 semel
1260 1024 1533 1081 explanantur.
1588 1023 1717 1078 Quum

226 1117 352 1150 tamen
384 1111 423 1149 in
456 1108 620 1165 simplici
652 1116 878 1164 poematum
910 1109 1083 1157 ratione,
1127 1108 1252 1163 qualis
1287 1106 1362 1149 fuit
1391 1107 1609 1149 Jasharana
1640 1108 1720 1150 col-

226 1193 350 1242 lectio,
388 1194 454 1233 vix
480 1192 562 1233 fieri
585 1194 735 1249 possit,
769 1200 814 1233 ut
834 1191 968 1248 plures
991 1193 1193 1233 incurrant
1214 1191 1386 1247 ejusdem
1407 1194 1576 1233 nominis
1598 1193 1719 1249 signi-

225 1276 437 1324 ficationes,
474 1275 741 1332 quaerendum
766 1283 844 1325 est,
880 1284 968 1316 utra
991 1277 1041 1316 sit
1063 1277 1263 1332 antiquior
1285 1284 1401 1332 atque
1423 1276 1567 1317 ideirco
1589 1277 1720 1317 verior

225 1361 432 1415 utriusque
457 1359 639 1401 vocabuli
671 1359 822 1400 relatio.
871 1359 957 1401 Jam
980 1374 1073 1400 vero
1100 1359 1409 1416 designationem
1430 1358 1608 1412 Beth-el,
1641 1361 1666 1400 i.
1685 1373 1717 1400 e.

226 1442 404 1484 »Domus
438 1443 536 1484 Dei«
579 1445 724 1500 optime
765 1442 957 1500 quadrare
997 1445 1037 1484 in
1076 1444 1270 1484 somnium
1313 1442 1410 1484 illud
1446 1442 1604 1492 Jacobi,
1650 1441 1719 1483 ubi

226 1525 324 1567 vidit
356 1526 525 1567 »scalam
558 1535 680 1568 terrae
714 1528 910 1576 innixam,
947 1535 984 1568 et
1006 1526 1155 1568 coelum
1177 1528 1479 1583 pertingentem,
1513 1540 1583 1582 per
1603 1539 1718 1582 quam

226 1609 296 1650 Dei
344 1611 511 1651 ministri
558 1610 808 1652 ascendentes
852 1619 890 1652 et
936 1609 1211 1652 descendentes
1262 1608 1621 1665 conspiciebantur,
1670 1624 1720 1650 ex

227 1708 376 1734 summa
417 1702 545 1735 autem
585 1694 687 1735 scala
720 1694 872 1736 Jehova
912 1696 994 1750 ipse
1036 1693 1290 1735 dormientem
1322 1693 1587 1734 Patriareham
1625 1693 1721 1734 allo-

226 1776 448 1833 quebatur«
482 1774 595 1830 (Gen.
620 1777 805 1827 XXVIII,
836 1776 900 1826 12,
930 1774 1012 1830 13),
1049 1792 1181 1818 01111165
1215 1776 1430 1818 concedant
1460 1791 1616 1818 necesse
1647 1784 1717 1818 est.

225 1859 323 1901 Nam
355 1869 401 1902 ut
432 1869 577 1903 taceam
611 1861 656 1902 de
681 1876 769 1903 vere
801 1861 998 1918 relligiosa
1030 1869 1068 1902 et
1099 1860 1176 1901 fere
1209 1859 1366 1901 sublimi
1398 1860 1462 1900 illa
1482 1859 1620 1902 Jacobi
1652 1874 1720 1901 ex-

227 1944 477 1986 clamatione:
519 1960 536 1978 ³>
548 1959 664 2001 quam
698 1944 880 1986 terribilis
915 1952 973 1986 est
1005 1944 1067 1985 hic
1099 1944 1229 1985 locus!
1273 1944 1367 1985 haec
1399 1952 1457 1984 est
1488 1943 1601 1984 aedes
1633 1943 1717 1991 Dei,

228 2028 322 2069 haee
354 2037 413 2069 est
443 2037 560 2085 porta
593 2028 716 2070 coeli«
751 2025 862 2081 (ibid.
891 2026 974 2082 17),
1009 2030 1226 2070 meminisse
1250 2036 1408 2084 oportet
1428 2026 1719 2071 tabernaculum

227 2110 394 2152 foederis
426 2113 466 2153 in
498 2111 595 2153 urbe
624 2111 775 2153 Bethel
802 2111 931 2153 sedem
966 2111 1149 2153 habuisse
1183 2108 1291 2164 (Jud.
1314 2111 1412 2161 XX,
1442 2109 1506 2153 18.
1540 2110 1654 2160 XXI,
1679 2109 1718 2151 2.

230 2193 249 2235 1
277 2193 382 2235 Sam.
405 2193 464 2245 X,
490 2192 554 2248 3);
588 2196 751 2245 scilicet,
786 2196 862 2237 hoc
887 2196 989 2245 loco,
1025 2210 1074 2236 ex
1099 2203 1224 2236 mente
1246 2196 1425 2251 priorum
1445 2193 1717 2242 Israelitarum‚

227 2277 445 2319 benedictio
488 2278 552 2319 illa
585 2278 718 2320 Shemi
760 2278 809 2319 ad
848 2279 962 2320 finem
1004 2287 1136 2320 evecta
1176 2287 1255 2328 est3
1296 2277 1349 2318 ibi
1391 2279 1491 2318 enim
1522 2277 1640 2319 Deus
1677 2277 1721 2318 in

228 2361 502 2404 tabernaculis
539 2360 681 2403 Shemi
717 2361 937 2403 habitabat.
1000 2361 1133 2417 Atque
1172 2362 1271 2402 hanc
1310 2362 1499 2402 visionem
1540 2359 1589 2400 ad
1627 2374 1720 2400 ven-

229 2454 360 2487 turum
403 2445 500 2487 illud
540 2453 694 2501 tempus
735 2446 1010 2501 prospexisse,
1054 2443 1123 2485 ubi
1162 2444 1298 2484 altiore
1331 2457 1448 2484 sensu
1481 2442 1587 2483 Deus
1620 2443 1720 2482 inter

226 2529 418 2570 Israelitas
452 2527 696 2584 ἐσκήνωσεν,
730 2536 867 2570 auctor
899 2537 957 2569 est
977 2527 1091 2569 Jesus
1121 2529 1224 2583 ipse,
1260 2528 1327 2582 qui
1349 2526 1395 2567 de
1419 2524 1718 2567 Christianismo

229 2614 330 2654 inter
368 2612 545 2654 homines
589 2627 662 2669 ope
694 2611 825 2653 Divini
859 2610 1032 2667 Spiritus
1073 2612 1287 2651 constituto
1328 2609 1493 2665 loquens
1531 2611 1585 2650 sic
1618 2607 1719 2649 satus

230 2704 307 2736 est:
350 2692 482 2750 ἀμὴν,
521 2692 655 2750 ἆμὴν,
695 2695 801 2747 λέγω
842 2692 940 2748 ὑμῖν
972 2693 1143 2751 ὄψεσθε
1178 2690 1253 2734 τὸν
1286 2689 1470 2749 οῧρανὸν
1502 2687 1720 2748 ἀνεῳγότα

349 2823 371 2865 ¹)
409 2822 582 2857 Neminem
621 2823 737 2858 latebit
772 2807 922 2869 {geminas
963 2821 1036 2856 illas
1076 2821 1320 2863 cantiunculas,
1362 2832 1444 2866 qnas
1484 2825 1603 2866 quarto
1643 2819 1719 2852 huic

231 2887 433 2934 Fragmento
468 2889 594 2922 inserui
621 2888 727 2931 (Gen.
747 2888 806 2931 lv,
833 2887 889 2931 23,
909 2887 964 2923 24.
991 2887 1104 2929 XXV,
1123 2884 1207 2931 23),
1240 2887 1378 2932 proprio
1407 2885 1552 2931 quodam
1580 2883 1718 2918 artificio

231 2952 373 2987 eundem
401 2957 570 2988 auctorem
598 2953 750 2999 prodere.
