1867 3301
759 280 763 281 ⁷
778 280 781 281 γ
795 212 879 282 ὤ112
889 213 916 260 3

121 357 337 396 meminerit
376 357 428 404 is,
474 354 605 402 veliin,
649 353 792 394 nullam
827 368 910 393 esse
944 354 1050 410 apud
1082 354 1207 394 Deum
1240 353 1613 410 προσωποληψίαν

121 435 252 490 (Rom.
275 439 324 487 ll,
355 435 437 490 11),
472 446 509 478 et
541 437 742 478 oraculum
765 436 961 478 Rebeccae
995 438 1148 486 datum,
1182 437 1222 478 id
1245 437 1355 494 quod
1377 437 1494 477 verha
1528 440 1609 494 ipsa

120 522 334 570 declarant,
370 537 448 562 non
482 520 531 561 ad
562 535 771 577 personam
793 520 928 561 Jacohi
962 523 1174 577 pertinere,
1211 519 1278 561 sed
1310 520 1359 561 ad
1391 530 1610 562 nascentem

119 605 220 646 illam
253 606 468 654 ecelesiam,
505 619 603 661 quae
629 619 756 645 veram
789 604 1031 661 relligionem
1063 613 1249 646 tueretur
1270 613 1306 645 et
1328 605 1609 661 promulgaret,

118 691 230 745 eujus
262 697 392 730 autem
424 688 634 745 descriptio
667 690 706 729 in
740 689 895 728 nomine
920 687 1083 740 Isra-el,
1118 696 1255 745 postea
1287 688 1435 729 Jacoho
1470 688 1608 738 indito,

116 772 297 814 videatur
334 773 465 813 latere.
528 772 569 813 In
602 770 751 813 Jacobo
796 773 896 812 enim
928 771 1035 813 Deus
1076 771 1244 829 elegerat
1275 781 1312 813 et
1343 772 1611 828 praedestina-

116 865 226 898 verat
266 871 399 897 omnes
441 871 528 906 eos,
570 856 716 913 quihus
754 857 854 897 ratio
895 870 938 897 ac
970 857 1033 897 via
1071 855 1368 913 consequendae
1400 856 1608 913 probitatis

116 941 394 990 innotesceret,
436 943 491 981 ita
525 949 571 981 ut
600 955 671 997 per
702 954 839 981 eorum
872 942 1129 981 ministerium
1161 948 1279 996 porta
1310 942 1528 996 aperiretur
1560 942 1606 982 ad

117 1024 316 1065 occlusum
346 1024 491 1065 Edenis
533 1024 714 1073 hortum,
756 1032 800 1065 ut
839 1024 958 1065 homo
1000 1026 1141 1065 iterum
1179 1023 1310 1073 fieret,
1353 1024 1463 1081 quod
1495 1026 1606 1066 initio

115 1107 239 1149 sactus
273 1116 373 1158 erat,
401 1109 560 1164 probus
592 1105 758 1176 (Ἶῑξί),
801 1116 838 1149 ct
870 1107 919 1148 ad
952 1107 1122 1149 divinam
1155 1110 1363 1165 imaginem
1395 1108 1606 1151 conformis

114 1193 152 1232 in
192 1191 307 1232 bonis
349 1191 534 1248 operibus
576 1200 705 1233 sancte
749 1190 976 1233 ambularet.
1042 1191 1227 1233 Similiter
1258 1192 1480 1249 Apostolus
1513 1208 1607 1250 pro-

114 1275 253 1317 clamat
279 1272 397 1333 (Eph.
420 1276 456 1325 I,
481 1274 509 1316 4
531 1272 636 1332 sqq.)
669 1275 795 1316 Deum
829 1275 989 1332 elegisse
1022 1290 1095 1317 nos
1129 1291 1262 1317 omnes
1287 1275 1534 1318 Christianos
1568 1280 1606 1319 in

114 1358 273 1401 Christo
307 1368 394 1402 ante
421 1360 527 1415 jacta
558 1359 695 1401 mundi
726 1358 1000 1409 fundamenta,
1037 1361 1129 1416 quia
1150 1360 1266 1401 vellet
1298 1362 1427 1402 omnia
1460 1363 1499 1402 in
1525 1361 1604 1403 filio

113 1458 184 1484 suo
218 1445 459 1495 instaurare3
491 1459 564 1485 nos
598 1452 727 1485 autem
750 1452 911 1485 vocatos
944 1458 1027 1484 esse
1060 1452 1098 1485 et
1127 1444 1442 1500 praedestinatos
1469 1459 1606 1487 secun-

112 1526 204 1568 dum
242 1528 325 1583 ejus
364 1529 636 1584 propositum,
678 1530 745 1584 qui
779 1530 909 1569 omnia
941 1536 1127 1584 operetur
1157 1543 1231 1584 pro
1265 1543 1357 1570 suae
1390 1529 1604 1571 voluntatis

112 1611 274 1652 consilio
309 1609 558 1663 (ἐξελέξατο
591 1609 700 1666 ἡμᾶς
732 1609 779 1652 ἒν
810 1608 929 1668 αὐτῷ
959 1607 1042 1666 πρὸ
1075 1610 1316 1668 καταβολῆς
1346 1611 1517 1667 κόσμου,
1548 1636 1604 1644 --

109 1691 218 1736 κατὰ
252 1691 453 1737 εὐδοκίαν
484 1694 537 1750 ἣν
568 1696 781 1749 προέθετο
814 1692 1296 1751 ἀνακεφαλαιώσασθαι
1318 1692 1369 1737 τοὶ
1393 1695 1536 1739 πάντα
1559 1697 1605 1740 ἕν

108 1777 280 1835 Χριστῷ
309 1805 352 1811 -
380 1778 426 1820 ἐν
458 1773 493 1836 ᾧ
525 1777 769 1834 ἐκλήθημεν
799 1781 1133 1835 προορισθέντες
1163 1777 1273 1821 κατὰ
1296 1779 1508 1836 πρόθεσιν
1529 1782 1605 1824 τοῦ

107 1858 161 1903 ‘cd
193 1862 336 1904 πάντα
358 1860 628 1919 ἐνεργοῦντος
651 1859 762 1903 κατὰ
784 1860 861 1919 τήν
881 1860 1045 1920 βουλὴν
1067 1864 1144 1906 τοῦ
1166 1863 1414 1920 θελήματος
1436 1862 1602 1919 αὐτοῦ).
1659 1900 1663 1904 .

110 1945 241 2000 Quum
272 1948 393 2003 igitur
425 1946 500 1987 alio
533 1946 620 1988 loco
655 1946 823 1988 affirmet
854 1948 956 1989 idem
988 1947 1210 2004 Apostolus
1245 1945 1377 2001 (Rom.
1397 1948 1502 1999 Vill,
1528 1947 1600 2003 30)

106 2029 233 2070 Deum
255 2044 417 2071 vocasse
450 2045 530 2079 eos,
565 2044 666 2087 quos
698 2030 1029 2086 praedestinasset
1055 2030 1150 2083 (οὓς
1174 2030 1222 2072 δὲ
1243 2030 1480 2087 προώρισεν
1500 2031 1601 2074 τού-

106 2126 205 2161 τους
236 2115 308 2154 καὶ
339 2111 584 2165 ἐκάλεσεν),
623 2114 720 2155 illud
750 2114 959 2171 Philippus
991 2115 1274 2157 Melanchthon
1307 2118 1453 2171 optime
1483 2117 1602 2159 refert

107 2196 156 2237 ad
187 2197 514 2254 praedestinatam
548 2195 697 2238 Christi
729 2198 940 2240 Ecclesiam
973 2196 1075 2256 (Op.
1106 2200 1185 2240 vol.
1207 2199 1274 2249 IV,
1307 2215 1347 2256 p.
1375 2198 1506 2254 154);
1548 2203 1601 2242 ait

107 2282 225 2322 enim:
264 2283 431 2322 »attexit
462 2280 816 2337 splendidissimam
848 2282 1188 2339 amplificationem
1222 2282 1268 2325 de
1301 2286 1599 2326 conservatione

103 2364 295 2406 Ecclesiae
336 2367 375 2405 in
414 2365 487 2405 hac
524 2373 633 2406 tanta
673 2365 937 2416 deformitate,
980 2375 1018 2408 et
1053 2369 1095 2408 in
1126 2367 1188 2409 his
1230 2367 1529 2409 confusionibus
1563 2378 1601 2411 et

103 2450 226 2490 ruinis
258 2463 491 2506 regnorum3
525 2451 638 2506 quasi
671 2449 792 2500 dicat,
827 2465 1052 2508 quanquam
1085 2453 1217 2492 omnia
1247 2453 1445 2493 minantur
1465 2454 1599 2493 interi-

104 2540 206 2581 tum,
240 2541 369 2573 tamen
401 2535 539 2574 scitote
561 2532 771 2575 Ecclesiam
805 2549 918 2576 curae
952 2550 1035 2576 esse
1057 2535 1155 2584 Deo,
1189 2544 1227 2576 et
1251 2550 1331 2577 non
1354 2537 1597 2578 interituram

104 2629 209 2666 esse3
244 2615 397 2657 orditur
428 2618 549 2673 igitur
581 2617 629 2659 ab
662 2618 869 2668 electione,
903 2627 949 2660 ut
979 2633 1052 2660 nos
1086 2619 1408 2661 commonefaciat
1439 2619 1486 2661 de
1510 2635 1598 2677 per-

102 2706 223 2755 petuo
265 2700 428 2741 consilio
468 2699 541 2741 Dei
581 2709 618 2742 et
657 2701 703 2744 de
743 2704 1041 2744 conservatione
1081 2702 1281 2753 ccclesiae,
1325 2705 1437 2760 quasi
1480 2703 1595 2754 dicat,

103 2784 241 2824 scitote
280 2797 363 2824 esse
394 2783 605 2826 Ecclesiam
646 2785 803 2828 electam
844 2794 1008 2843 propter
1047 2785 1202 2827 Filium.
1263 2785 1427 2844 Semper
1465 2788 1596 2845 aliqua

102 2865 320 2907 haereditas
353 2868 427 2908 erit
446 2867 535 2909 Filii
556 2868 629 2910 Dei
660 2872 699 2911 in
731 2885 871 2927 genere
896 2870 1082 2911 humano.
1131 2869 1183 2911 Et
1208 2871 1304 2912 haec
1325 2871 1444 2913 electa
1464 2871 1596 2913 Eccle-

102 2951 159 2991 sia
186 2948 476 3007 praedicatione
499 2952 707 3010 colligitur,
742 2962 780 2996 ct
799 2954 844 2996 fit
858 2954 969 3009 justa
990 2962 1029 2996 et
1050 2953 1258 2998 ornabitur
1278 2963 1434 2999 aeterna
1455 2955 1593 3013 gloria.
