<?xml version="1.0" encoding="UTF-8"?>
<!DOCTYPE html PUBLIC "-//W3C//DTD XHTML 1.0 Transitional//EN"
    "http://www.w3.org/TR/xhtml1/DTD/xhtml1-transitional.dtd">
<html xmlns="http://www.w3.org/1999/xhtml" xml:lang="en" lang="en">
 <head>
  <title>
</title>
<meta http-equiv="Content-Type" content="text/html;charset=utf-8" />
  <meta name='ocr-system' content='tesseract 3.04.00' />
  <meta name='ocr-capabilities' content='ocr_page ocr_carea ocr_par ocr_line ocrx_word'/>
</head>
<body>
  <div class='ocr_page' id='page_1' title='image "./jasharfragmentaa00dona_0367.png"; bbox 0 0 1867 3301; ppageno 0'>
   <div class='ocr_carea' id='block_1_1' title="bbox 797 190 896 237">
    <p class='ocr_par' dir='ltr' id='par_1_1' title="bbox 797 190 896 237">
     <span class='ocr_line' id='line_1_1' title="bbox 797 190 896 237; baseline 0 0"><span class='ocrx_word' id='word_1_1' title='bbox 797 190 896 237; x_wconf 82' lang='lat'><strong>293</strong></span> 
     </span>
    </p>
   </div>
   <div class='ocr_carea' id='block_1_2' title="bbox 566 400 1135 444">
    <p class='ocr_par' dir='ltr' id='par_1_2' title="bbox 566 400 1135 444">
     <span class='ocr_line' id='line_1_2' title="bbox 566 400 1135 444; baseline -0.002 0"><span class='ocrx_word' id='word_1_2' title='bbox 566 400 762 444; x_wconf 85' lang='lat' dir='ltr'>CANTIC</span> <span class='ocrx_word' id='word_1_3' title='bbox 771 401 845 444; x_wconf 84' lang='lat' dir='ltr'><strong>UM</strong></span> <span class='ocrx_word' id='word_1_4' title='bbox 879 400 1135 444; x_wconf 81' lang='lat' dir='ltr'><strong>TERTIUM.</strong></span> 
     </span>
    </p>
   </div>
   <div class='ocr_carea' id='block_1_3' title="bbox 101 511 1594 561">
    <p class='ocr_par' dir='ltr' id='par_1_3' title="bbox 101 511 1594 561">
     <span class='ocr_line' id='line_1_3' title="bbox 101 511 1594 561; baseline -0.001 -10"><span class='ocrx_word' id='word_1_5' title='bbox 101 514 275 561; x_wconf 74' lang='lat' dir='ltr'><strong>Davides,</strong></span> <span class='ocrx_word' id='word_1_6' title='bbox 304 526 369 551; x_wconf 80' lang='lat' dir='ltr'><strong>rex</strong></span> <span class='ocrx_word' id='word_1_7' title='bbox 399 513 517 551; x_wconf 89' lang='lat' dir='ltr'><strong>factus</strong></span> <span class='ocrx_word' id='word_1_8' title='bbox 547 520 582 550; x_wconf 82' lang='lat' dir='ltr'><strong>et</strong></span> <span class='ocrx_word' id='word_1_9' title='bbox 608 512 890 550; x_wconf 82' lang='lat' dir='ltr'><strong>Philistaeorum</strong></span> <span class='ocrx_word' id='word_1_10' title='bbox 912 512 1041 557; x_wconf 81' lang='lat' dir='ltr'><strong>victor,</strong></span> <span class='ocrx_word' id='word_1_11' title='bbox 1073 523 1234 549; x_wconf 85' lang='lat' dir='ltr'><strong>summas</strong></span> <span class='ocrx_word' id='word_1_12' title='bbox 1264 511 1426 549; x_wconf 76' lang='lat' dir='ltr'><strong>Jehovac</strong></span> <span class='ocrx_word' id='word_1_13' title='bbox 1459 513 1594 561; x_wconf 79' lang='lat' dir='ltr'>gratias</span> 
     </span>
    </p>
   </div>
   <div class='ocr_carea' id='block_1_4' title="bbox 653 583 1042 632">
    <p class='ocr_par' dir='ltr' id='par_1_4' title="bbox 653 583 1042 632">
     <span class='ocr_line' id='line_1_4' title="bbox 653 583 1042 632; baseline 0 -13"><span class='ocrx_word' id='word_1_14' title='bbox 653 583 935 621; x_wconf 84' lang='lat' dir='ltr'><strong>venerabundus</strong></span> <span class='ocrx_word' id='word_1_15' title='bbox 957 584 1042 632; x_wconf 79' lang='lat' dir='ltr'><strong>agit.</strong></span> 
     </span>
    </p>
   </div>
   <div class='ocr_carea' id='block_1_5' title="bbox 96 747 1577 2901">
    <p class='ocr_par' dir='ltr' id='par_1_5' title="bbox 96 747 1577 2901">
     <span class='ocr_line' id='line_1_5' title="bbox 96 747 917 794; baseline -0.001 -8"><span class='ocrx_word' id='word_1_16' title='bbox 96 764 145 794; x_wconf 75' lang='lat' dir='ltr'><strong>Ps.</strong></span> <span class='ocrx_word' id='word_1_17' title='bbox 161 762 268 789; x_wconf 69' lang='lat' dir='ltr'>XVIII.</span> <span class='ocrx_word' id='word_1_18' title='bbox 769 747 882 794; x_wconf 67' lang='lat' dir='ltr'><strong>strophe</strong></span> <span class='ocrx_word' id='word_1_19' title='bbox 899 759 917 786; x_wconf 87' lang='lat'><strong>1.</strong></span> 
     </span>
     <span class='ocr_line' id='line_1_6' title="bbox 98 803 307 833; baseline -0.014 0"><span class='ocrx_word' id='word_1_20' title='bbox 98 803 307 833; x_wconf 61' lang='lat' dir='ltr'><strong>esamxxn.</strong></span> 
     </span>
     <span class='ocr_line' id='line_1_7' title="bbox 265 830 1104 890; baseline -0.001 -17"><span class='ocrx_word' id='word_1_21' title='bbox 265 844 308 883; x_wconf 83' lang='lat'><strong>[2]</strong></span> <span class='ocrx_word' id='word_1_22' title='bbox 342 833 400 875; x_wconf 90' lang='lat' dir='ltr'><strong>Te</strong></span> <span class='ocrx_word' id='word_1_23' title='bbox 434 832 567 890; x_wconf 84' lang='lat' dir='ltr'>diligo,</span> <span class='ocrx_word' id='word_1_24' title='bbox 601 831 766 882; x_wconf 86' lang='lat' dir='ltr'><strong>Jehova,</strong></span> <span class='ocrx_word' id='word_1_25' title='bbox 801 847 930 873; x_wconf 83' lang='lat' dir='ltr'><strong>meum</strong></span> <span class='ocrx_word' id='word_1_26' title='bbox 961 830 1104 873; x_wconf 85' lang='lat' dir='ltr'><strong>robur!</strong></span> 
     </span>
     <span class='ocr_line' id='line_1_8' title="bbox 263 914 1325 972; baseline -0.001 -16"><span class='ocrx_word' id='word_1_27' title='bbox 263 927 306 967; x_wconf 87' lang='lat'><strong>[3]</strong></span> <span class='ocrx_word' id='word_1_28' title='bbox 338 917 503 967; x_wconf 79' lang='lat' dir='ltr'><strong>Jehova,</strong></span> <span class='ocrx_word' id='word_1_29' title='bbox 537 930 622 957; x_wconf 85' lang='lat' dir='ltr'><strong>mea</strong></span> <span class='ocrx_word' id='word_1_30' title='bbox 653 931 784 972; x_wconf 88' lang='lat' dir='ltr'><strong>rupes,</strong></span> <span class='ocrx_word' id='word_1_31' title='bbox 821 930 892 957; x_wconf 76' lang='lat' dir='ltr'><strong>arx</strong></span> <span class='ocrx_word' id='word_1_32' title='bbox 924 930 1020 965; x_wconf 83' lang='lat' dir='ltr'><strong>mea,</strong></span> <span class='ocrx_word' id='word_1_33' title='bbox 1057 923 1095 956; x_wconf 90' lang='lat' dir='ltr'><strong>et</strong></span> <span class='ocrx_word' id='word_1_34' title='bbox 1127 914 1325 964; x_wconf 85' lang='lat' dir='ltr'><strong>liberator,</strong></span> 
     </span>
     <span class='ocr_line' id='line_1_9' title="bbox 336 997 1327 1057; baseline -0.003 -15"><span class='ocrx_word' id='word_1_35' title='bbox 336 1000 444 1043; x_wconf 91' lang='lat' dir='ltr'><strong>Deus</strong></span> <span class='ocrx_word' id='word_1_36' title='bbox 476 1014 598 1050; x_wconf 87' lang='lat' dir='ltr'><strong>meus,</strong></span> <span class='ocrx_word' id='word_1_37' title='bbox 630 1008 742 1056; x_wconf 88' lang='lat' dir='ltr'><strong>petra</strong></span> <span class='ocrx_word' id='word_1_38' title='bbox 773 1015 870 1050; x_wconf 83' lang='lat' dir='ltr'><strong>mea,</strong></span> <span class='ocrx_word' id='word_1_39' title='bbox 904 1001 945 1040; x_wconf 90' lang='lat' dir='ltr'><strong>in</strong></span> <span class='ocrx_word' id='word_1_40' title='bbox 978 1013 1093 1057; x_wconf 84' lang='lat' dir='ltr'><strong>quam</strong></span> <span class='ocrx_word' id='word_1_41' title='bbox 1128 997 1327 1055; x_wconf 83' lang='lat' dir='ltr'><strong>confugio,</strong></span> 
     </span>
     <span class='ocr_line' id='line_1_10' title="bbox 337 1082 1463 1141; baseline -0.001 -15"><span class='ocrx_word' id='word_1_42' title='bbox 337 1082 511 1141; x_wconf 79' lang='lat' dir='ltr'><strong>Clypeus</strong></span> <span class='ocrx_word' id='word_1_43' title='bbox 543 1098 666 1133; x_wconf 66' lang='lat' dir='ltr'><strong>metm,</strong></span> <span class='ocrx_word' id='word_1_44' title='bbox 701 1098 825 1125; x_wconf 88' lang='lat' dir='ltr'><strong>cornu</strong></span> <span class='ocrx_word' id='word_1_45' title='bbox 857 1084 993 1124; x_wconf 84' lang='lat' dir='ltr'><strong>salutis</strong></span> <span class='ocrx_word' id='word_1_46' title='bbox 1026 1097 1144 1133; x_wconf 87' lang='lat' dir='ltr'><strong>meae,</strong></span> <span class='ocrx_word' id='word_1_47' title='bbox 1178 1082 1288 1123; x_wconf 89' lang='lat' dir='ltr'><strong>locus</strong></span> <span class='ocrx_word' id='word_1_48' title='bbox 1321 1082 1463 1133; x_wconf 84' lang='lat' dir='ltr'><strong>editus,</strong></span> 
     </span>
     <span class='ocr_line' id='line_1_11' title="bbox 334 1165 1313 1224; baseline 0 -15"><span class='ocrx_word' id='word_1_49' title='bbox 334 1168 467 1210; x_wconf 77' lang='lat' dir='ltr'><strong>Meum</strong></span> <span class='ocrx_word' id='word_1_50' title='bbox 499 1166 706 1224; x_wconf 80' lang='lat' dir='ltr'><strong>refugium,</strong></span> <span class='ocrx_word' id='word_1_51' title='bbox 741 1166 788 1208; x_wconf 87' lang='lat' dir='ltr'><strong>ab</strong></span> <span class='ocrx_word' id='word_1_52' title='bbox 823 1167 966 1222; x_wconf 86' lang='lat' dir='ltr'><strong>injuria</strong></span> <span class='ocrx_word' id='word_1_53' title='bbox 997 1181 1057 1209; x_wconf 89' lang='lat' dir='ltr'><strong>me</strong></span> <span class='ocrx_word' id='word_1_54' title='bbox 1090 1165 1313 1209; x_wconf 86' lang='lat' dir='ltr'><strong>defendens.</strong></span> 
     </span>
     <span class='ocr_line' id='line_1_12' title="bbox 260 1251 930 1301; baseline 0.004 -12"><span class='ocrx_word' id='word_1_55' title='bbox 260 1260 302 1299; x_wconf 88' lang='lat'><strong>[4]</strong></span> <span class='ocrx_word' id='word_1_56' title='bbox 334 1251 519 1294; x_wconf 85' lang='lat' dir='ltr'>Laudans</span> <span class='ocrx_word' id='word_1_57' title='bbox 551 1253 694 1292; x_wconf 87' lang='lat' dir='ltr'><strong>invoco</strong></span> <span class='ocrx_word' id='word_1_58' title='bbox 726 1251 930 1301; x_wconf 82' lang='lat' dir='ltr'><strong>Jehovam,</strong></span> 
     </span>
     <span class='ocr_line' id='line_1_13' title="bbox 334 1334 1119 1377; baseline -0.001 0"><span class='ocrx_word' id='word_1_59' title='bbox 334 1335 385 1377; x_wconf 81' lang='lat' dir='ltr'><strong>Et</strong></span> <span class='ocrx_word' id='word_1_60' title='bbox 417 1334 463 1377; x_wconf 82' lang='lat' dir='ltr'><strong>ab</strong></span> <span class='ocrx_word' id='word_1_61' title='bbox 497 1334 680 1377; x_wconf 84' lang='lat' dir='ltr'>hostibus</span> <span class='ocrx_word' id='word_1_62' title='bbox 714 1334 900 1376; x_wconf 87' lang='lat' dir='ltr'><strong>liberatus</strong></span> <span class='ocrx_word' id='word_1_63' title='bbox 934 1349 1033 1376; x_wconf 88' lang='lat' dir='ltr'><strong>sum.</strong></span> <span class='ocrx_word' id='word_1_64' title='bbox 1074 1360 1119 1365; x_wconf 95' lang='lat'>—</span> 
     </span>
     <span class='ocr_line' id='line_1_14' title="bbox 763 1428 916 1464; baseline 0 -8"><span class='ocrx_word' id='word_1_65' title='bbox 763 1429 875 1464; x_wconf 77' lang='lat' dir='ltr'><strong>suopne</strong></span> <span class='ocrx_word' id='word_1_66' title='bbox 892 1428 916 1457; x_wconf 74' lang='lat'><strong>2.</strong></span> 
     </span>
     <span class='ocr_line' id='line_1_15' title="bbox 258 1501 1238 1552; baseline 0 -9"><span class='ocrx_word' id='word_1_67' title='bbox 258 1512 301 1551; x_wconf 83' lang='lat'><strong>[5]</strong></span> <span class='ocrx_word' id='word_1_68' title='bbox 334 1502 420 1544; x_wconf 85' lang='lat' dir='ltr'><strong>Jam</strong></span> <span class='ocrx_word' id='word_1_69' title='bbox 453 1501 788 1544; x_wconf 81' lang='lat' dir='ltr'><strong>circumdederant</strong></span> <span class='ocrx_word' id='word_1_70' title='bbox 818 1517 877 1543; x_wconf 87' lang='lat' dir='ltr'><strong>me</strong></span> <span class='ocrx_word' id='word_1_71' title='bbox 909 1502 1053 1544; x_wconf 88' lang='lat' dir='ltr'><strong>fluctus</strong></span> <span class='ocrx_word' id='word_1_72' title='bbox 1086 1504 1238 1552; x_wconf 89' lang='lat' dir='ltr'><strong>mortis,</strong></span> 
     </span>
     <span class='ocr_line' id='line_1_16' title="bbox 332 1586 1159 1643; baseline 0 -16"><span class='ocrx_word' id='word_1_73' title='bbox 332 1586 513 1628; x_wconf 84' lang='lat' dir='ltr'><strong>Flumina</strong></span> <span class='ocrx_word' id='word_1_74' title='bbox 543 1586 698 1628; x_wconf 81' lang='lat' dir='ltr'><strong>Belialis</strong></span> <span class='ocrx_word' id='word_1_75' title='bbox 731 1601 790 1628; x_wconf 89' lang='lat' dir='ltr'><strong>me</strong></span> <span class='ocrx_word' id='word_1_76' title='bbox 816 1587 899 1643; x_wconf 87' lang='lat' dir='ltr'><strong>jam</strong></span> <span class='ocrx_word' id='word_1_77' title='bbox 933 1586 1159 1627; x_wconf 84' lang='lat' dir='ltr'><strong>obruerant.</strong></span> 
     </span>
     <span class='ocr_line' id='line_1_17' title="bbox 258 1669 1119 1725; baseline 0.001 -15"><span class='ocrx_word' id='word_1_78' title='bbox 258 1679 300 1719; x_wconf 76' lang='lat'><strong>[6]</strong></span> <span class='ocrx_word' id='word_1_79' title='bbox 332 1669 474 1712; x_wconf 81' lang='lat' dir='ltr'><strong>Inferni</strong></span> <span class='ocrx_word' id='word_1_80' title='bbox 507 1670 671 1712; x_wconf 89' lang='lat' dir='ltr'><strong>vinculis</strong></span> <span class='ocrx_word' id='word_1_81' title='bbox 697 1671 780 1725; x_wconf 87' lang='lat' dir='ltr'><strong>jam</strong></span> <span class='ocrx_word' id='word_1_82' title='bbox 815 1685 916 1712; x_wconf 85' lang='lat' dir='ltr'><strong>eram</strong></span> <span class='ocrx_word' id='word_1_83' title='bbox 950 1671 1119 1720; x_wconf 84' lang='lat' dir='ltr'><strong>vinctus,</strong></span> 
     </span>
     <span class='ocr_line' id='line_1_18' title="bbox 332 1754 1101 1813; baseline -0.004 -15"><span class='ocrx_word' id='word_1_84' title='bbox 332 1754 632 1813; x_wconf 85' lang='lat' dir='ltr'><strong>Occupaverant</strong></span> <span class='ocrx_word' id='word_1_85' title='bbox 662 1769 723 1796; x_wconf 87' lang='lat' dir='ltr'><strong>me</strong></span> <span class='ocrx_word' id='word_1_86' title='bbox 755 1754 885 1811; x_wconf 86' lang='lat' dir='ltr'><strong>laquei</strong></span> <span class='ocrx_word' id='word_1_87' title='bbox 916 1756 1068 1797; x_wconf 83' lang='lat' dir='ltr'><strong>mortis.</strong></span> <span class='ocrx_word' id='word_1_88' title='bbox 1099 1782 1101 1784; x_wconf 96' lang='lat'>-</span> 
     </span>
     <span class='ocr_line' id='line_1_19' title="bbox 255 1838 1275 1895; baseline 0.003 -17"><span class='ocrx_word' id='word_1_89' title='bbox 255 1849 298 1889; x_wconf 88' lang='lat'><strong>[7]</strong></span> <span class='ocrx_word' id='word_1_90' title='bbox 329 1839 400 1882; x_wconf 91' lang='lat' dir='ltr'><strong>His</strong></span> <span class='ocrx_word' id='word_1_91' title='bbox 432 1841 474 1880; x_wconf 89' lang='lat' dir='ltr'><strong>in</strong></span> <span class='ocrx_word' id='word_1_92' title='bbox 506 1840 697 1895; x_wconf 82' lang='lat' dir='ltr'><strong>angustiis</strong></span> <span class='ocrx_word' id='word_1_93' title='bbox 730 1840 824 1880; x_wconf 89' lang='lat' dir='ltr'><strong>meis</strong></span> <span class='ocrx_word' id='word_1_94' title='bbox 857 1838 1050 1880; x_wconf 85' lang='lat' dir='ltr'><strong>Jehovam</strong></span> <span class='ocrx_word' id='word_1_95' title='bbox 1081 1840 1275 1889; x_wconf 85' lang='lat' dir='ltr'>invocavi,</span> 
     </span>
     <span class='ocr_line' id='line_1_20' title="bbox 330 1922 1112 1965; baseline -0.001 0"><span class='ocrx_word' id='word_1_96' title='bbox 330 1923 396 1965; x_wconf 91' lang='lat' dir='ltr'><strong>Ad</strong></span> <span class='ocrx_word' id='word_1_97' title='bbox 424 1923 552 1965; x_wconf 87' lang='lat' dir='ltr'><strong>Deum</strong></span> <span class='ocrx_word' id='word_1_98' title='bbox 585 1936 711 1963; x_wconf 92' lang='lat' dir='ltr'><strong>meum</strong></span> <span class='ocrx_word' id='word_1_99' title='bbox 742 1922 980 1964; x_wconf 88' lang='lat' dir='ltr'><strong>vociferatus</strong></span> <span class='ocrx_word' id='word_1_100' title='bbox 1013 1937 1112 1964; x_wconf 86' lang='lat' dir='ltr'><strong>sum.</strong></span> 
     </span>
     <span class='ocr_line' id='line_1_21' title="bbox 329 2006 1430 2062; baseline 0 -14"><span class='ocrx_word' id='word_1_101' title='bbox 329 2007 394 2049; x_wconf 87' lang='lat' dir='ltr'><strong>Ille</strong></span> <span class='ocrx_word' id='word_1_102' title='bbox 425 2021 519 2048; x_wconf 86' lang='lat' dir='ltr'><strong>vero</strong></span> <span class='ocrx_word' id='word_1_103' title='bbox 553 2022 572 2049; x_wconf 90' lang='lat' dir='ltr'><strong>e</strong></span> <span class='ocrx_word' id='word_1_104' title='bbox 602 2006 748 2062; x_wconf 81' lang='lat' dir='ltr'><strong>palatio</strong></span> <span class='ocrx_word' id='word_1_105' title='bbox 783 2022 856 2048; x_wconf 90' lang='lat' dir='ltr'><strong>suo</strong></span> <span class='ocrx_word' id='word_1_106' title='bbox 890 2021 1026 2048; x_wconf 85' lang='lat' dir='ltr'><strong>vocem</strong></span> <span class='ocrx_word' id='word_1_107' title='bbox 1059 2021 1181 2049; x_wconf 86' lang='lat' dir='ltr'><strong>meam</strong></span> <span class='ocrx_word' id='word_1_108' title='bbox 1215 2006 1430 2057; x_wconf 84' lang='lat' dir='ltr'>exaudivit,</span> 
     </span>
     <span class='ocr_line' id='line_1_22' title="bbox 330 2090 1555 2148; baseline 0 -16"><span class='ocrx_word' id='word_1_109' title='bbox 330 2090 381 2133; x_wconf 91' lang='lat' dir='ltr'><strong>Et</strong></span> <span class='ocrx_word' id='word_1_110' title='bbox 412 2091 558 2132; x_wconf 89' lang='lat' dir='ltr'><strong>clamor</strong></span> <span class='ocrx_word' id='word_1_111' title='bbox 588 2105 697 2132; x_wconf 85' lang='lat' dir='ltr'><strong>meus</strong></span> <span class='ocrx_word' id='word_1_112' title='bbox 734 2105 861 2147; x_wconf 89' lang='lat' dir='ltr'><strong>usque</strong></span> <span class='ocrx_word' id='word_1_113' title='bbox 893 2090 943 2132; x_wconf 90' lang='lat' dir='ltr'><strong>ad</strong></span> <span class='ocrx_word' id='word_1_114' title='bbox 975 2105 1089 2133; x_wconf 88' lang='lat' dir='ltr'><strong>aures</strong></span> <span class='ocrx_word' id='word_1_115' title='bbox 1121 2091 1205 2146; x_wconf 86' lang='lat' dir='ltr'><strong>ejus</strong></span> <span class='ocrx_word' id='word_1_116' title='bbox 1236 2093 1470 2148; x_wconf 86' lang='lat' dir='ltr'><strong>penetravit.</strong></span> <span class='ocrx_word' id='word_1_117' title='bbox 1511 2117 1555 2122; x_wconf 88' lang='lat'>—</span> 
     </span>
     <span class='ocr_line' id='line_1_23' title="bbox 759 2184 914 2219; baseline 0.006 -8"><span class='ocrx_word' id='word_1_118' title='bbox 759 2184 872 2219; x_wconf 73' lang='lat' dir='ltr'><strong>Stropne</strong></span> <span class='ocrx_word' id='word_1_119' title='bbox 890 2184 914 2213; x_wconf 87' lang='lat'><strong>3.</strong></span> 
     </span>
     <span class='ocr_line' id='line_1_24' title="bbox 255 2258 1312 2309; baseline 0.003 -12"><span class='ocrx_word' id='word_1_120' title='bbox 255 2267 297 2307; x_wconf 80' lang='lat' dir='ltr'><strong>[s]</strong></span> <span class='ocrx_word' id='word_1_121' title='bbox 329 2258 386 2301; x_wconf 89' lang='lat' dir='ltr'><strong>Ibi</strong></span> <span class='ocrx_word' id='word_1_122' title='bbox 418 2266 499 2300; x_wconf 90' lang='lat' dir='ltr'><strong>tum</strong></span> <span class='ocrx_word' id='word_1_123' title='bbox 534 2271 724 2299; x_wconf 86' lang='lat' dir='ltr'><strong>concussa</strong></span> <span class='ocrx_word' id='word_1_124' title='bbox 757 2266 817 2299; x_wconf 89' lang='lat' dir='ltr'><strong>est</strong></span> <span class='ocrx_word' id='word_1_125' title='bbox 847 2266 886 2299; x_wconf 88' lang='lat' dir='ltr'><strong>et</strong></span> <span class='ocrx_word' id='word_1_126' title='bbox 918 2260 1153 2300; x_wconf 86' lang='lat' dir='ltr'><strong>contremuit</strong></span> <span class='ocrx_word' id='word_1_127' title='bbox 1185 2258 1312 2309; x_wconf 90' lang='lat' dir='ltr'><strong>tellus,</strong></span> 
     </span>
     <span class='ocr_line' id='line_1_25' title="bbox 326 2341 1279 2385; baseline 0 -1"><span class='ocrx_word' id='word_1_128' title='bbox 326 2342 378 2384; x_wconf 89' lang='lat' dir='ltr'><strong>Et</strong></span> <span class='ocrx_word' id='word_1_129' title='bbox 408 2341 661 2384; x_wconf 86' lang='lat' dir='ltr'><strong>fundamenta</strong></span> <span class='ocrx_word' id='word_1_130' title='bbox 691 2344 884 2384; x_wconf 81' lang='lat' dir='ltr'><strong>montium</strong></span> <span class='ocrx_word' id='word_1_131' title='bbox 917 2342 1279 2385; x_wconf 84' lang='lat' dir='ltr'><strong>commovebantur.</strong></span> 
     </span>
     <span class='ocr_line' id='line_1_26' title="bbox 326 2425 1577 2483; baseline 0.001 -16"><span class='ocrx_word' id='word_1_132' title='bbox 326 2426 589 2468; x_wconf 82' lang='lat' dir='ltr'><strong>Vehementer</strong></span> <span class='ocrx_word' id='word_1_133' title='bbox 610 2425 988 2483; x_wconf 82' lang='lat' dir='ltr'><strong>conquassabantur,</strong></span> <span class='ocrx_word' id='word_1_134' title='bbox 1011 2429 1103 2483; x_wconf 89' lang='lat' dir='ltr'><strong>quia</strong></span> <span class='ocrx_word' id='word_1_135' title='bbox 1124 2429 1180 2468; x_wconf 88' lang='lat' dir='ltr'><strong>ira</strong></span> <span class='ocrx_word' id='word_1_136' title='bbox 1202 2427 1286 2482; x_wconf 87' lang='lat' dir='ltr'><strong>ejus</strong></span> <span class='ocrx_word' id='word_1_137' title='bbox 1309 2426 1577 2469; x_wconf 79' lang='lat' dir='ltr'><strong>exaestuabat.</strong></span> 
     </span>
     <span class='ocr_line' id='line_1_27' title="bbox 247 2508 1576 2567; baseline 0.002 -17"><span class='ocrx_word' id='word_1_138' title='bbox 247 2520 291 2557; x_wconf 76' lang='lat'><strong>[9]</strong></span> <span class='ocrx_word' id='word_1_139' title='bbox 324 2509 447 2552; x_wconf 89' lang='lat' dir='ltr'><strong>Nares</strong></span> <span class='ocrx_word' id='word_1_140' title='bbox 481 2510 564 2566; x_wconf 88' lang='lat' dir='ltr'><strong>ejus</strong></span> <span class='ocrx_word' id='word_1_141' title='bbox 596 2508 810 2560; x_wconf 85' lang='lat' dir='ltr'><strong>fumabant,</strong></span> <span class='ocrx_word' id='word_1_142' title='bbox 847 2524 890 2551; x_wconf 90' lang='lat' dir='ltr'><strong>os</strong></span> <span class='ocrx_word' id='word_1_143' title='bbox 913 2511 997 2566; x_wconf 89' lang='lat' dir='ltr'><strong>ejus</strong></span> <span class='ocrx_word' id='word_1_144' title='bbox 1020 2512 1148 2567; x_wconf 82' lang='lat' dir='ltr'><strong>ignem</strong></span> <span class='ocrx_word' id='word_1_145' title='bbox 1171 2510 1325 2553; x_wconf 82' lang='lat' dir='ltr'><strong>edacem</strong></span> <span class='ocrx_word' id='word_1_146' title='bbox 1348 2510 1576 2563; x_wconf 78' lang='lat' dir='ltr'><strong>exhalabat3</strong></span> 
     </span>
     <span class='ocr_line' id='line_1_28' title="bbox 324 2593 1075 2650; baseline -0.001 -14"><span class='ocrx_word' id='word_1_147' title='bbox 324 2593 500 2636; x_wconf 81' lang='lat' dir='ltr'><strong>Exihant</strong></span> <span class='ocrx_word' id='word_1_148' title='bbox 530 2593 578 2635; x_wconf 88' lang='lat' dir='ltr'><strong>ab</strong></span> <span class='ocrx_word' id='word_1_149' title='bbox 611 2608 657 2635; x_wconf 91' lang='lat' dir='ltr'><strong>eo</strong></span> <span class='ocrx_word' id='word_1_150' title='bbox 691 2593 871 2636; x_wconf 87' lang='lat' dir='ltr'><strong>ardentes</strong></span> <span class='ocrx_word' id='word_1_151' title='bbox 905 2608 1075 2650; x_wconf 84' lang='lat' dir='ltr'><strong>prunae3</strong></span> 
     </span>
     <span class='ocr_line' id='line_1_29' title="bbox 230 2676 1108 2728; baseline 0.005 -12"><span class='ocrx_word' id='word_1_152' title='bbox 230 2687 293 2725; x_wconf 84' lang='lat'>[10]</span> <span class='ocrx_word' id='word_1_153' title='bbox 325 2677 540 2720; x_wconf 85' lang='lat' dir='ltr'><strong>Inclinabat</strong></span> <span class='ocrx_word' id='word_1_154' title='bbox 571 2678 734 2728; x_wconf 85' lang='lat' dir='ltr'><strong>coelum,</strong></span> <span class='ocrx_word' id='word_1_155' title='bbox 769 2686 807 2719; x_wconf 87' lang='lat' dir='ltr'><strong>et</strong></span> <span class='ocrx_word' id='word_1_156' title='bbox 838 2676 1108 2720; x_wconf 87' lang='lat' dir='ltr'><strong>descendebat.</strong></span> 
     </span>
     <span class='ocr_line' id='line_1_30' title="bbox 326 2760 1014 2819; baseline -0.003 -15"><span class='ocrx_word' id='word_1_157' title='bbox 326 2760 464 2818; x_wconf 81' lang='lat' dir='ltr'><strong>Caligo</strong></span> <span class='ocrx_word' id='word_1_158' title='bbox 498 2770 580 2803; x_wconf 86' lang='lat' dir='ltr'><strong>erat</strong></span> <span class='ocrx_word' id='word_1_159' title='bbox 611 2761 684 2804; x_wconf 88' lang='lat' dir='ltr'><strong>sub</strong></span> <span class='ocrx_word' id='word_1_160' title='bbox 716 2760 885 2819; x_wconf 87' lang='lat' dir='ltr'><strong>pedibus</strong></span> <span class='ocrx_word' id='word_1_161' title='bbox 918 2762 1014 2817; x_wconf 84' lang='lat' dir='ltr'><strong>ejus.</strong></span> 
     </span>
     <span class='ocr_line' id='line_1_31' title="bbox 229 2843 1077 2901; baseline 0 -15"><span class='ocrx_word' id='word_1_162' title='bbox 229 2857 292 2892; x_wconf 85' lang='lat'>[11]</span> <span class='ocrx_word' id='word_1_163' title='bbox 323 2844 570 2901; x_wconf 84' lang='lat' dir='ltr'><strong>lnequitabat</strong></span> <span class='ocrx_word' id='word_1_164' title='bbox 602 2843 801 2896; x_wconf 90' lang='lat' dir='ltr'><strong>Cherubo,</strong></span> <span class='ocrx_word' id='word_1_165' title='bbox 837 2854 874 2887; x_wconf 85' lang='lat' dir='ltr'><strong>ct</strong></span> <span class='ocrx_word' id='word_1_166' title='bbox 905 2845 1077 2895; x_wconf 86' lang='lat' dir='ltr'><strong>volabat,</strong></span> 
     </span>
    </p>
   </div>
   <div class='ocr_carea' id='block_1_6' title="bbox 323 2927 1116 2986">
    <p class='ocr_par' dir='ltr' id='par_1_6' title="bbox 323 2927 1116 2986">
     <span class='ocr_line' id='line_1_32' title="bbox 323 2927 1116 2986; baseline 0.004 -16"><span class='ocrx_word' id='word_1_167' title='bbox 323 2927 484 2985; x_wconf 88' lang='lat' dir='ltr'><strong>Nempe,</strong></span> <span class='ocrx_word' id='word_1_168' title='bbox 518 2943 638 2986; x_wconf 89' lang='lat' dir='ltr'><strong>super</strong></span> <span class='ocrx_word' id='word_1_169' title='bbox 669 2930 737 2971; x_wconf 87' lang='lat' dir='ltr'><strong>alis</strong></span> <span class='ocrx_word' id='word_1_170' title='bbox 772 2931 876 2973; x_wconf 87' lang='lat' dir='ltr'><strong>venti</strong></span> <span class='ocrx_word' id='word_1_171' title='bbox 907 2928 1116 2973; x_wconf 82' lang='lat' dir='ltr'><strong>ferebatur.</strong></span> 
     </span>
    </p>
   </div>
  </div>
 </body>
</html>
