1867 3301
833 178 895 225 77

120 331 197 362 tum
225 328 426 362 mutatur«
460 318 636 372 (Fuerst‚
672 317 870 361 Concord.
906 333 943 374 p.
969 315 1093 370 581);
1112 308 1172 348 ¹-
1211 317 1280 358 sed
1303 325 1440 359 ventos
1464 326 1501 358 et
1517 318 1607 373 ful-

119 405 231 445 mina
275 410 487 460 ponerent,
537 403 636 443 hanc
679 402 847 443 duorum
889 401 1168 442 elementorum
1209 400 1293 442 Deo
1335 403 1607 442 inservientem

119 487 342 528 violentiam
365 494 482 542 atque
504 487 691 542 impetum
713 486 884 541 propriis
906 483 1132 526 nominibus
1157 483 1462 541 distinguebant.
1506 483 1608 525 Ven-

119 578 178 611 tos
209 572 344 627 utique
370 568 573 611 Cherubos
595 565 816 629 (0³:³52)
840 567 1098 624 appellabant,
1120 567 1307 624 fulmina
1328 576 1457 609 autem
1483 565 1608 609 Sera-

112 653 219 709 phos
252 649 477 720 (ΠἪᾞΨ).
526 651 699 708 Utraque
733 632 951 708 designatio
985 651 1035 692 ad
1065 665 1147 692 rem
1168 654 1293 708 ipsam
1316 650 1608 708 significandam

119 735 519 778 accommodatissima
560 743 629 776 est.
693 735 753 777 Ac
792 749 935 786 nomen
966 737 1088 794 2³52
1114 743 1274 776 ventum
1308 735 1511 792 designare
1544 734 1610 775 de·

118 828 309 862 monstrat
360 821 502 876 partim
544 818 652 860 loeus
694 819 755 860 ille
793 818 937 860 Psalmi
979 799 1104 871 (CIV,
1137 815 1186 872 3)
1228 833 1326 875 quae
1368 818 1611 875 significatur

120 903 269 946 »Deum
300 904 474 946 nubibus
502 917 575 959 pro
610 917 733 944 curru
764 904 842 951 uti,
878 910 916 944 et
937 908 1148 944 ventorum
1170 902 1238 943 alis
1261 901 1438 943 incedere
1450 917 1489 952 «3
1521 916 1610 943 nam

120 986 265 1043 ubique
299 985 473 1029 Cherubi
504 985 576 1027 Dei
618 1001 775 1027 currum
812 994 850 1027 et
882 986 1024 1027 solium
1056 994 1280 1027 sustentant
1312 982 1383 1038 (ef.
1418 1000 1449 1026 e.
1473 999 1510 1042 g.
1543 984 1609 1025 Ps.

118 1069 262 1119 XCIX,
281 1067 344 1122 1);
367 1072 507 1126 partim
530 1070 628 1110 alius
651 1069 725 1110 loci
750 1071 988 1125 epexegesis,
1011 1068 1081 1111 uhi
1103 1069 1267 1126 legimus
1287 1066 1519 1121 (Ps.XVIII,
1543 1066 1608 1109 11.

120 1152 145 1194 2
170 1152 274 1194 Sam.
298 1153 427 1201 XXII,
457 1150 548 1206 11):

461 1235 607 1277 Vectus
640 1244 699 1277 est
732 1235 914 1278 Clzerubo
947 1244 986 1277 et
1016 1234 1197 1285 volabat,

461 1318 634 1361 Volahat
665 1319 809 1361 scilicet
841 1334 960 1376 super
992 1320 1061 1360 alis
1093 1320 1211 1361 venti.

118 1406 206 1461 Ipsa
238 1406 344 1446 vocis
384 1406 508 1462 2³³3.
549 1403 789 1460 etymologia
829 1417 915 1444 eum
954 1402 1027 1444 hae
1068 1402 1351 1459 significatione
1391 1403 1532 1444 mirum
1572 1404 1609 1443 in

118 1488 277 1529 modum
321 1489 513 1544 congruit.
577 1485 674 1528 Nam
715 1486 830 1528 radix
863 1485 1064 1528 Sanscrita
1091 1485 1244 1542 yrablz2
1286 1485 1352 1528 Gr.
1384 1483 1609 1541 ἆρπ-άζω,

118 1573 203 1613 Lat.
226 1572 395 1628 ‹rap-io7
432 1570 550 1612 Goth.
572 1572 796 1627 yreip-am
833 1584 931 1626 quae
963 1585 1045 1611 non
1076 1570 1196 1612 modo
1230 1572 1270 1611 in
1303 1570 1379 1611 hoe
1400 1568 1608 1619 vocabulo,

119 1655 188 1697 sed
220 1657 331 1697 etiam
364 1656 404 1695 in
427 1656 658 1711 synonymis
682 1652 875 1707 γρύπ-ς,
909 1655 1166 1708 κέρβ-ερος,
1199 1652 1402 1708 ἅρπ-υια
1427 1655 1609 1702 occurrit⁷

121 1741 264 1796 optime
297 1737 481 1780 describit
504 1740 583 1778 vim
605 1740 710 1780 venti
742 1738 937 1794 rapidam
969 1746 1086 1794 atque
1119 1739 1249 1779 omnia
1280 1752 1411 1779 secum
1443 1737 1610 1793 rapien-

119 1829 197 1864 tem
219 1817 258 1874 ι).
306 1821 455 1863 Deinde
489 1836 622 1863 omnes
644 1820 873 1863 Hebraistae
897 1824 1045 1871 sciunt,
1079 1836 1216 1863 vocem
1247 1824 1414 1889 ΕἚἾΤΨ
1442 1820 1610 1862 radicem

119 1902 230 1974 ἣᾎῐζῖ
263 1907 479 1954 continere,
523 1919 622 1961 quae
662 1905 759 1946 nihil
801 1905 907 1946 aliud
942 1905 1122 1962 designat
1152 1906 1228 1946 nisi
1259 1920 1379 1947 urere
1401 1885 1470 1946 *vel
1503 1919 1610 1945 eom-

120 1989 263 2030 buo-ere
295 1989 354 2029 vel
386 2003 537 2030 veneno
570 1989 810 2030 interimere.
865 1988 1084 2041 Quinetiam
1118 1992 1228 2056 {Dry
1262 1997 1320 2029 est
1349 2003 1515 2044 serpens
1544 2003 1610 2029 ve-

119 2086 310 2124 nenosus,
354 2086 468 2127 quem
503 2070 638 2112 Graeci
678 2070 895 2127 πρηστῆρα
928 2080 1071 2113 vocant
1109 2068 1171 2125 (ut
1200 2073 1242 2112 in
1273 2073 1453 2113 versione
1484 2070 1609 2113 LXX.

120 2155 269 2196 Veneta
300 2152 416 2195 Num.
446 2154 563 2203 XXI,
598 2151 654 2206 6).
721 2154 799 2196 Sed
839 2154 970 2196 eadem
1005 2154 1151 2197 Graeca
1183 2170 1265 2196 vox
1305 2154 1467 2196 denotat
1497 2156 1610 2195 etiam

110 2236 362 2293 fulmineum
393 2238 594 2279 turbinem
627 2237 685 2278 vel
718 2239 958 2280 crassiorem
980 2237 1175 2294 fulminis
1204 2240 1352 2293 ἐρίπνης
1383 2246 1430 2280 ut
1456 2237 1612 2280 Aristo-

118 2320 212 2362 teles
243 2320 359 2362 nobis
394 2328 532 2361 auctor
564 2328 622 2362 est
655 2317 717 2373 (de
750 2321 919 2372 mundo,
963 2336 995 2363 c.
1019 2319 1084 2375 4):
1125 2318 1172 2363 τὸ
1206 2320 1459 2379 ἄστραψαν,
1500 2316 1611 2362 dva-

118 2405 327 2459 πυρωθὲν
346 2406 515 2457 βιαίως,
547 2400 649 2460 ἄχρι
677 2403 748 2459 τῆς
767 2406 844 2460 γῆς
866 2403 1078 2455 διεκθέον,
1112 2388 1371 2459 κεραυνὸς
1399 2404 1610 2445 καλεῖται·

120 2482 197 2527 §obv
229 2486 276 2528 δὲ
306 2485 582 2543 ἢμιπύρωτον
613 2484 658 2545 ᾗ,
693 2485 888 2542 σφοδρὸν
921 2488 969 2529 δὲ
1000 2487 1142 2537 ἄλλως
1173 2490 1244 2528 καὶ
1267 2485 1449 2543 ἀθρόον,
1481 2500 1611 2541 πρη-

121 2567 255 2624 στήρ.
316 2569 415 2612 Hinc
465 2579 614 2628 strages
655 2585 677 2611 a
718 2570 878 2613 fulmine
925 2580 1079 2627 patrata
1118 2570 1323 2626 πρηστῆρι
1361 2569 1609 2619 attribuitur3

119 2651 218 2694 Xen.
250 2652 348 2694 Hell.
379 2653 412 2701 Ι,
447 2652 472 2695 3
513 2652 610 2706 §12
651 2651 673 2694 ὃ
714 2649 819 2702 ναός
861 2653 1104 2710 ἐνεπρήσθη
1143 2653 1442 2709 πρηστῆρος
1481 2652 1610 2708 ἔμπε-

223 2780 246 2823 ι)
280 2778 331 2813 Cf.
358 2778 468 2814 Plaut.
494 2780 700 2815 Menaechm.
727 2781 813 2827 prol.
832 2780 888 2816 64.

381 2844 560 2891 Ingressus
585 2845 726 2880 fluvium
751 2849 931 2891 rapidum
957 2846 997 2880 ab
1023 2845 1106 2880 urbe
1133 2845 1224 2880 haud
1247 2844 1405 2893 longule;

384 2910 556 2953 Rapidus
580 2914 732 2955 raptori
758 2913 852 2957 pueri
879 2913 907 2947 is
934 2910 1099 2946 subduxit
1122 2911 1236 2957 pedes.
