1867 3301
915 194 1012 243 156

459 333 601 379 Utrum
631 333 816 377 mandata
845 334 972 390 Ipsius
1007 332 1250 385 observares,
1285 349 1428 376 annon.

218 431 435 466 neuevntffl]
460 419 567 477 Ergo
602 418 744 460 afflixit
774 427 831 468 te,
865 426 903 460 et
935 419 1081 459 esurire
1114 420 1223 467 sivit,

461 503 591 557 Quum
622 502 678 543 nil
709 503 784 543 nisi
814 516 1011 543 mannam
1041 500 1113 542 tibi
1145 500 1369 558 praeberet,

461 585 549 640 Quo
584 584 670 627 cibo
702 599 773 627 nec
804 594 850 627 tu
880 599 950 627 nec
980 593 1111 642 patres
1142 586 1201 626 tui
1233 592 1345 626 antea
1376 584 1609 635 utebamini,

460 668 513 712 Ut
544 668 768 711 ostenderet
798 668 869 711 tibi
905 683 987 710 non
1017 682 1118 725 pane
1149 676 1302 710 tantum
1334 668 1531 711 hominem
1563 672 1706 720 vivere,

461 752 541 795 Sed
572 767 809 810 quocunque
841 753 1034 802 alimento,
1070 751 1189 810 quod!
1209 751 1362 793 Jehova
1392 752 1686 808 praescriberet.

216 823 365 894 ngatign,
389 845 430 881 [6]
462 837 567 879 Haec
589 836 708 880 verba
729 839 861 894 igitur,
897 851 995 893 quae
1016 837 1214 892 praecipio
1239 835 1310 877 tibi
1332 835 1462 886 hodie,
1495 835 1708 881 manebunt

997 920 1119 960 infixa
1150 917 1258 960 cordi
1292 927 1374 968 tu0‚

386 1016 427 1050 [⁷]
458 1004 606 1048 Eadem
637 1003 769 1046 liberis
801 1006 881 1046 tuis
912 1002 1138 1052 inculcabis,

459 1088 510 1131 Et
539 1087 788 1131 meditaberis
821 1102 885 1137 ea,
929 1085 1035 1128 domi
1066 1085 1205 1128 sedens
1238 1094 1276 1128 et
1306 1088 1380 1129 iter
1410 1085 1574 1138 faciens,
1616 1086 1708 1130 dor-

999 1172 1121 1212 miens
1154 1179 1193 1212 et
1223 1185 1477 1229 consurgens.

387 1268 428 1303 [8]
461 1256 565 1299 Haec
597 1255 713 1313 alliga
742 1263 931 1312 tanquam
962 1255 1130 1311 insignia
1161 1254 1342 1297 manibus
1374 1256 1475 1305 tuis;

459 1340 565 1382 Hace
596 1342 674 1382 sint
703 1348 891 1396 tanquam
923 1337 1106 1379 frontalia
1138 1338 1261 1380 oculis
1294 1340 1394 1389 tuis3

389 1437 430 1472 [9]
462 1425 567 1467 Haec
597 1423 781 1482 postibus
815 1431 853 1464 et
886 1424 996 1464 ostiis
1030 1422 1171 1464 domus
1202 1431 1294 1464 tuae
1326 1420 1506 1464 inscribe.

367 1521 429 1555 [10]
465 1508 595 1564 Quum
627 1523 721 1551 vero
746 1507 899 1549 Jehova
929 1506 1036 1548 Deus
1069 1515 1162 1548 tuus
1194 1515 1232 1549 te
1264 1508 1304 1548 in
1335 1506 1439 1549 illam
1470 1515 1613 1550 terram
1643 1506 1709 1549 de-

1001 1590 1178 1640 duxerit,

463 1675 588 1731 Quam
613 1674 874 1733 jurejurando
907 1673 1087 1732 patribus
1121 1675 1260 1716 vestris
1286 1673 1527 1725 Abrahamo,
1560 1674 1705 1725 Isaaco,

996 1757 1159 1809 JacobO,
1193 1760 1394 1815 promisit,

462 1843 593 1899 Quum
622 1842 695 1886 tibi
727 1841 877 1885 dederit
907 1841 1024 1884 urbes
1050 1842 1273 1900 magnificas
1297 1851 1334 1884 et
1356 1842 1575 1900 opulentaS,
1609 1857 1706 1900 quas

997 1940 1079 1968 non
1111 1926 1341 1977 condidisti,

365 2024 427 2060 [11]
460 2013 611 2055 Domos
643 2010 777 2068 plenas
810 2018 1037 2053 cunctarum
1064 2025 1204 2066 opum,
1240 2025 1337 2068 quas
1358 2024 1440 2052 non
1461 2012 1705 2062 exstruxisti,

459 2097 620 2147 Puteos,
656 2110 756 2152 quos
789 2110 871 2137 non
902 2093 1055 2144 fodisti,
1090 2095 1222 2136 vineta
1250 2102 1288 2136 et
1310 2094 1471 2145 oliveta,
1506 2109 1606 2152 quae
1626 2110 1707 2137 non

997 2178 1202 2234 plantasti,

462 2264 592 2318 Quum
624 2264 745 2320 igitur
776 2264 817 2304 in
847 2261 915 2304 tali
947 2263 1061 2318 copia
1092 2261 1304 2303 comederis
1327 2270 1365 2303 et
1386 2263 1549 2304 satiatus
1571 2260 1704 2312 fueris,

365 2359 427 2394 [12]
461 2346 565 2390 Cave
599 2346 802 2404 diligenter
833 2360 881 2388 ne
914 2345 1156 2387 obliviscaris
1188 2345 1381 2395 Jehovae,

463 2430 539 2485 Qui
571 2439 608 2472 te
641 2429 686 2471 de
718 2438 823 2471 terra
852 2428 1048 2485 Aegypti,
1084 2428 1130 2470 de
1163 2429 1280 2470 domo
1314 2430 1514 2471 servitutis
1547 2427 1696 2470 eduxit.

368 2527 429 2562 [13]
463 2515 574 2558 Time
595 2514 787 2557 Jehovam
807 2512 934 2555 Deum
966 2520 1097 2562 tuum,
1133 2512 1250 2554 colito
1283 2526 1389 2562 eum,
1417 2513 1510 2568 jura
1540 2527 1610 2569 per
1633 2527 1706 2555 no-

997 2610 1085 2638 men
1117 2597 1212 2652 ejus.

367 2694 428 2728 [ιιι]
460 2681 519 2724 Ne
551 2683 785 2725 sectaminor
818 2680 963 2722 alienos
994 2679 1111 2729 Deos,
1147 2694 1247 2737 quos
1279 2679 1431 2723 accolae
1462 2681 1582 2722 vestri
1610 2678 1706 2721 ado-

995 2771 1103 2813 rant3

369 2861 431 2895 [15]
467 2849 662 2906 Quoniam
692 2848 845 2893 Jehova
875 2847 980 2891 Deus
1020 2855 1113 2888 tuus
1153 2846 1225 2889 tibi
1264 2856 1421 2905 praesto
1459 2846 1569 2890 adest
1598 2846 1704 2889 Deus

998 2930 1190 2973 aemulus:
