1867 3301
813 202 909 249 341

117 346 302 390 Calvinus
344 345 541 401 loquitur,
587 342 791 384 »nonnihil
825 356 845 383 a
878 345 1050 399 genuino
1085 358 1203 384 sensu
1235 343 1312 385 hoc
1342 346 1609 386 testiinonium

115 430 321 472 detorsit.«
367 428 466 471 Nam
500 441 621 484 quum
654 428 783 467 versio
817 427 1202 483 septuagintaviralis
1238 426 1399 468 haheat:
1441 424 1611 480 ἀναβὰς

114 513 173 562 εἷς
212 512 328 570 ὕψος
366 506 700 571 ᾗχμαλωτεύσας
747 508 1063 563 αἰχμαλωσίαν,
1110 507 1300 563 ἔλαβες
1349 509 1518 564 δόματα
1564 510 1610 552 ἐν

114 593 388 652 ἀνθρώποις,
434 594 658 650 Apostolus
703 593 804 634 hanc
844 595 1067 634 citationem
1108 593 1295 649 protulit:
1342 588 1513 647 α’ναβοὶς
1552 595 1610 643 εἷς

113 679 228 735 ὕψος
275 674 602 739 ᾐχμαλώτευσεν
650 676 947 729 αἰχμαλωσίαν
994 679 1064 717 καὶ
1112 674 1275 717 ἔδωκε
1316 675 1483 730 δόματα
1522 684 1610 727 τοῖς

114 759 381 817 ἀνθρώποις.
446 760 550 815 Quid
590 759 726 800 volens
774 746 828 800 ita
875 759 1026 810 fecerit,
1079 762 1206 801 variae
1254 769 1347 801 sunt
1386 762 1606 817 opiniones.

112 846 331 889 Verisimile
372 853 431 887 est
469 852 562 886 tunc
601 844 790 900 temporis
822 842 995 884 Judaeos
1037 843 1220 885 traditam
1260 843 1333 885 sibi
1372 844 1492 901 hujus
1531 845 1608 887 loci

112 931 473 987 interpretationem
521 929 737 984 accepisse,
788 941 904 983 quam
943 926 1085 968 Petrus
1126 941 1285 984 quoque
1326 936 1484 969 secutus
1523 943 1607 970 esse

112 1014 269 1056 videtur
302 1015 341 1054 in
362 1013 473 1054 Actis
496 1011 682 1068 Apostol.
705 1011 756 1060 Il,
783 1009 859 1052 33:
893 1010 941 1069 τῇ
975 1010 1098 1063 δεξιᾷ
1118 1006 1197 1051 οὖν
1218 1010 1293 1052 τοῦ
1315 1012 1428 1052 θεοῦ
1459 1009 1608 1066 ὑψω-

112 1099 232 1147 θεὶς
269 1096 346 1153 τήν
383 1111 427 1137 τε
466 1093 726 1147 ἐπαγγελίαν
764 1094 839 1136 τοῦ
877 1094 1120 1148 πνείματος
1160 1094 1237 1135 τοῦ
1267 1092 1391 1146 ἁγίου
1427 1092 1608 1149 λαβών

111 1177 231 1237 παρὰ
263 1182 339 1222 τοῦ
367 1176 530 1235 πατρὸς
561 1178 770 1232 ἐξέχεεν
792 1177 914 1219 τοῦτο
939 1175 964 1219 ὅ
986 1175 1104 1233 »ὑμεῖς
1124 1177 1303 1232 βλέπετε
1324 1181 1396 1219 καὶ
1417 1176 1607 1221 ἀκούετε.

111 1264 189 1308 Sed
221 1272 396 1321 praestat
427 1263 637 1305 concedere
659 1262 893 1319 Apostolos,
928 1271 973 1303 ut
1004 1277 1104 1318 quos
1138 1261 1294 1303 afflatus
1327 1265 1606 1319 praesentioris

110 1349 181 1390 Dei
228 1350 435 1398 animaret,
485 1347 574 1404 plus
622 1346 860 1388 intellexisse
905 1360 1021 1402 quam
1061 1346 1178 1387 nobis
1220 1348 1406 1388 innotuit.
1469 1345 1606 1404 Neque

109 1431 281 1474 Ecclesia
311 1440 464 1482 nostra,
500 1445 622 1488 quum
654 1431 759 1471 hunc
789 1429 988 1471 Psalmum
1020 1430 1281 1472 Pentecostali
1311 1411 1511 1487 Liturgiae
1543 1445 1607 1473 ac-

111 1515 435 1566 commodaverit,
484 1513 744 1556 existimanda
790 1523 848 1556 est
895 1514 1038 1556 idcirco
1084 1516 1345 1571 pronunciare
1386 1515 1504 1556 ullam
1545 1529 1605 1558 re-

108 1602 366 1658 pugnantiam
405 1598 642 1641 intercedere
674 1601 775 1640 inter
810 1597 956 1640 Christi
989 1600 1254 1639 ascensionem
1288 1607 1326 1640 et
1357 1598 1480 1639 divini
1514 1597 1606 1655 Spi-

109 1686 207 1726 ritus
239 1684 470 1733 adventum,
516 1681 837 1740 quandoquidem
869 1682 1054 1724 alteruter
1086 1690 1248 1723 eventus
1281 1682 1458 1724 alterutri
1492 1684 1606 1740 quasi

109 1768 228 1809 altera
259 1782 309 1809 ex
340 1775 451 1824 parte
482 1765 734 1822 respondeat.
791 1764 891 1808 Nam
921 1765 1045 1806 Filius
1077 1765 1127 1806 ad
1158 1765 1313 1807 Patrem
1347 1766 1525 1808 ascendit
1557 1782 1603 1809 eo

110 1851 294 1900 consilio,
338 1859 383 1891 ut
418 1847 497 1891 ἒοῖν
527 1864 588 1897 τις
620 1843 787 1904 ἁμάρτῃ
818 1847 1167 1906 παράκλητον
1198 1846 1362 1904 ἔχωμεν
1392 1847 1500 1906 πρὸς
1529 1846 1605 1892 τὸν

108 1935 273 1990 πατέρα
288 1931 449 1989 Ἰησοῦν
470 1929 661 1988 Χριστὸν
688 1932 856 1975 δίκαιον
889 1930 929 1986 (1
954 1932 1097 1974 Joann.
1119 1933 1172 1983 Il,
1202 1931 1264 1986 1);
1298 1942 1336 1975 et
1357 1933 1532 1991 Spiritus
1554 1935 1606 1977 ad

107 2018 318 2060 Ecclesiam
363 2016 583 2066 descendit,
633 2018 820 2073 quoniam
856 2017 974 2075 ¹‚lesus
1022 2019 1105 2073 ipse
1143 2017 1342 2073 pollicitus
1390 2026 1468 2059 est:
1522 2015 1602 2070 ἐγώ

108 2097 302 2157 ἐρωτήσω
342 2097 416 2142 τὸν
455 2102 622 2155 πατέρα
662 2104 735 2141 καὶ
775 2099 909 2143 ἄλλον
950 2099 1294 2157 παράκλητον
1332 2100 1458 2143 δώσει
1489 2099 1600 2156 ὑμῖν,

108 2188 181 2228 ἵνα
220 2186 325 2244 μένῃ
366 2179 475 2239 μεθ’
498 2181 617 2239 ὑμῶν
656 2184 714 2233 εἷς
752 2181 829 2227 τὸν
861 2183 998 2226 αἰῶνα
1031 2181 1189 2239 (Joann.
1212 2184 1318 2235 XIV,
1348 2182 1432 2239 15).
1494 2186 1601 2244 Ergo

109 2269 189 2311 duo
230 2277 323 2311 sunt
360 2266 626 2325 παράκλητοι
659 2269 742 2311 sive
774 2268 955 2311 advocati
986 2278 1024 2311 et
1054 2271 1213 2326 patroni
1243 2268 1455 2320 Ecclesiae,
1498 2285 1600 2312 unus

108 2355 175 2410 qui
209 2367 363 2394 causam
396 2361 571 2394 nostram
604 2367 734 2394 coram
766 2353 882 2395 Patre
914 2356 1014 2411 agit,
1057 2354 1153 2395 alter
1185 2356 1252 2410 qui
1285 2368 1440 2394 causam
1472 2353 1601 2396 Patris

108 2438 189 2494 agit
219 2438 258 2478 in
290 2438 437 2478 nostris
469 2439 647 2493 ipsorum
678 2438 848 2479 animis*
885 2436 995 2481 Unde
1029 2437 1221 2478 dedicatio
1255 2437 1319 2478 illa
1351 2437 1456 2478 aedis
1483 2436 1601 2480 Solo-

108 2535 267 2562 moneac
299 2529 378 2563 tam
406 2520 455 2562 ad
479 2519 626 2563 Christi
648 2523 933 2571 ascensionem,
969 2536 1085 2578 quam
1108 2521 1157 2562 ad
1178 2521 1367 2562 Paracleti
1390 2521 1601 2564 adventum

108 2605 220 2661 quasi
258 2613 356 2661 typo
389 2607 641 2662 prospexerit
672 2619 827 2646 necesse
860 2613 930 2647 cst.
976 2604 1055 2646 lllic
1087 2607 1187 2646 enim
1223 2604 1404 2647 Christus
1437 2607 1477 2647 in
1512 2620 1600 2648 coe-

107 2688 200 2729 leste
234 2695 272 2729 et
303 2691 581 2744 sempiternum
613 2689 801 2745 templum
834 2691 1033 2746 ingressus
1067 2697 1142 2739 est,
1177 2698 1222 2731 ut
1253 2698 1354 2731 reete
1379 2691 1599 2732 ascensioni

107 2770 359 2813 celebrandae
380 2771 552 2813 Ecclesia
575 2772 774 2814 Psalmum
806 2774 1036 2830 vigesimum
1069 2781 1253 2829 quartum
1285 2773 1483 2831 selegerit,
1517 2788 1597 2830 quo

108 2855 386 2897 exclamamus:
421 2856 633 2907 »attollite,
668 2871 691 2899 o
715 2865 872 2913 portae,
908 2859 1035 2913 capita
1056 2865 1186 2898 vestra
1208 2865 1246 2899 ct
1267 2857 1469 2898 elevamini
1493 2856 1596 2899 fores

107 2947 304 2992 aeternae,
337 2947 376 2983 et
397 2939 578 2983 introibit
596 2940 684 2984 Rex
705 2941 947 2998 gloriosus«
986 2940 1059 2984 Hie
1081 2949 1208 2984 autem
1231 2940 1404 2999 Spiritus
1427 2940 1596 2987 Sanctus
