1867 3301
857 187 919 232 51

141 342 223 369 eam
255 327 477 369 facultatem
513 326 714 368 reserenda
746 335 847 375 erat,
891 341 970 382 qua
1001 326 1149 367 abusus
1182 334 1292 367 tanta
1322 325 1422 366 mala
1454 328 1493 366 in
1526 340 1639 367 mun-

142 411 234 452 dum
275 411 450 461 induxit,
495 419 722 467 exspectare
764 419 923 467 oportet
964 410 1142 452 futurum
1182 409 1321 459 fuisse,
1364 418 1410 451 ut
1447 409 1519 450 hac
1552 424 1639 451 sen-

141 497 261 537 tentia
301 496 484 537 conclusa
525 503 644 537 esset:
688 503 778 545 »tu,
823 496 890 551 qui
931 503 1043 536 antea
1083 495 1256 536 humano
1290 509 1469 535 sermone
1501 493 1640 550 loque-

140 578 266 630 baris,
307 582 375 636 qui
407 579 578 621 humana
611 578 818 620 calliditate
850 578 1047 636 pollebas,
1082 581 1122 621 in
1154 587 1358 636 posterum
1390 587 1523 621 mutus
1554 578 1637 627 fies,

142 673 180 705 et
209 663 328 705 bruto
361 665 495 721 pecori
527 662 887 706 adnumeraberis.«
937 662 990 705 Ut
1022 666 1152 704 omnia
1184 678 1264 705 uno
1298 671 1434 705 tenore
1467 671 1638 712 currant,

140 747 344 790 redeamus
385 748 433 789 ad
470 749 673 804 mysticam
708 749 899 804 serpentis
933 747 1269 804 significationem.
1336 747 1379 789 Si
1412 749 1533 804 igitur
1565 746 1639 788 suh

141 834 333 888 serpentis
380 834 547 889 imagine
592 832 805 889 phallicum
850 834 1005 888 signum
1044 831 1317 888 intelligimus,
1367 846 1485 887 quam
1523 831 1641 887 plana

142 924 235 957 sunt
266 925 304 957 et
335 918 525 957 concinna
558 925 696 958 cuncta
728 918 904 973 picturae
936 915 1186 957 lineamenta!
1234 914 1334 956 Nam
1367 915 1473 971 apud
1507 931 1640 957 omnes

141 1000 315 1056 populos
350 1000 570 1051 orientales,
606 1003 673 1057 qui
705 1003 823 1042 ritum
850 1001 1157 1041 circumcisionis
1180 998 1448 1056 frequentant,
1482 999 1640 1056 phallus

143 1084 264 1125 virilis
298 1084 459 1126 collecto
494 1085 648 1141 pulveri
682 1093 719 1126 et
750 1084 952 1125 lutulentis
986 1083 1074 1125 inde
1100 1083 1286 1125 sordibus
1310 1082 1510 1125 obnoxius
1533 1099 1640 1125 acres

144 1166 318 1218 dolores,
361 1184 408 1210 ne
443 1168 567 1210 dicam
599 1168 781 1218 morbos,
826 1170 1015 1225 concipit,
1051 1170 1119 1225 qui
1152 1176 1284 1209 amoto
1316 1170 1526 1225 praeputio
1559 1183 1638 1209 11011

142 1252 196 1292 ita
234 1250 374 1293 infensi
412 1262 656 1309 grassantur.
720 1252 854 1308 Itaque
894 1261 939 1293 ut
978 1254 1283 1294 instrumentum
1328 1252 1429 1309 lapsi
1469 1252 1640 1293 hominis

141 1350 270 1392 poena
303 1336 471 1393 quadam
504 1352 575 1379 sua
606 1337 873 1386 mulctaretur,
910 1344 948 1377 et
978 1338 1196 1393 ignominia
1218 1339 1272 1378 rei
1295 1345 1385 1394 apta
1407 1335 1638 1386 afficeretur,

144 1422 334 1462 sententia
374 1423 566 1477 serpentis
607 1422 674 1462 tali
715 1420 835 1462 modo
877 1423 1094 1477 promitur:
1144 1423 1272 1462 »inter
1305 1435 1438 1461 omncs
1471 1420 1640 1476 pecudes

143 1511 180 1544 et
213 1505 391 1545 animalia
422 1505 519 1546 illud
551 1507 814 1562 generationis
849 1507 1004 1561 signum
1037 1504 1219 1546 dedecori
1245 1507 1318 1546 erit
1339 1513 1377 1546 et
1400 1503 1641 1561 opprobrio,

143 1590 270 1629 ventri
303 1603 376 1629 suo
409 1589 620 1646 illigatum,
663 1598 700 1631 et
732 1589 883 1631 devexo
918 1591 1066 1645 capite,
1102 1591 1203 1630 inter
1233 1588 1352 1646 pedes
1384 1588 1641 1646 progredien-

142 1673 239 1713 tium
270 1681 462 1729 perpetua
492 1674 667 1730 pulveris
700 1673 804 1715 nube
827 1672 1173 1723 circumfundetur,
1208 1681 1246 1714 et
1266 1675 1430 1714 terrenis
1453 1672 1640 1714 sordibus

142 1764 329 1813 tanquam
378 1757 561 1799 alimento
602 1767 794 1800 vescetur.
807 1774 824 1792 «
888 1757 986 1798 Nam
1029 1757 1269 1798 locutionem
1307 1740 1415 1803 17373
1456 1759 1640 1814 partitive

142 1843 327 1897 usurpari
358 1856 498 1898 posse,
533 1850 578 1882 ut
608 1841 848 1898 respondeat
878 1843 1019 1883 Latino
1051 1842 1157 1883 inter
1189 1842 1328 1882 omnia
1351 1841 1413 1882 vel
1445 1842 1638 1896 omnium,

141 1923 336 1979 probatur
357 1925 443 1966 1000
466 1925 544 1967 Jer.
567 1925 697 1975 XVH,
723 1925 761 1975 9,
795 1925 865 1966 ubi
897 1926 1060 1982 legimus
1094 1908 1202 1972 '7272
1234 1910 1307 1985 ,¹2²7
1340 1940 1411 1966 εον
1436 1926 1640 1980 omnimn5

143 2006 189 2048 cf.
214 2010 329 2049 ctiam
347 2007 443 2050 Gen.
459 2009 549 2058 Vll,
573 2008 638 2058 15,
662 2008 728 2059 16,
753 2009 822 2050 22.
864 2008 1052 2050 Similiter
1076 2008 1094 2050 1
1118 2008 1223 2051 Sam.
1240 2009 1330 2059 XV,
1351 2007 1427 2050 33:
1458 2006 1637 2076 ΠἾΨΞΤᾩ,

141 2091 247 2132 inter·
276 2092 476 2133 mulieres.
528 2092 647 2145 Quod
679 2092 724 2134 de
757 2092 926 2134 naturali
959 2101 1139 2149 serpente
1171 2092 1250 2135 sere
1274 2092 1376 2134 idem
1405 2092 1479 2134 dici
1507 2101 1641 2148 potest

144 2171 237 2227 (Jes.
262 2175 383 2225 LXV,
409 2175 478 2218 25.
511 2176 602 2218 Mic.
623 2176 712 2226 VII,
737 2174 827 2229 17),
862 2176 903 2217 id
934 2176 1141 2218 dumtaxat
1162 2177 1265 2218 valet
1296 2176 1346 2218 ad
1367 2177 1516 2234 figurae
1538 2178 1640 2218 veri-

141 2266 260 2300 tatem
292 2259 574 2301 declarandam.
637 2259 774 2317 Neque
807 2262 908 2301 enim
943 2276 1017 2317 pro
1051 2261 1184 2317 phallo
1217 2269 1433 2318 poneretur
1464 2275 1636 2317 serpens,

141 2345 214 2384 nisi
246 2358 308 2385 res
340 2345 557 2401 significata
590 2360 677 2386 cum
708 2352 806 2401 typo
841 2353 1018 2386 accurate
1051 2354 1297 2402 congrueret.
1351 2344 1430 2386 Sed
1462 2344 1639 2386 nondum

142 2429 313 2469 animum
353 2428 592 2471 advertimus
633 2428 683 2470 ad
722 2429 886 2471 alterum
926 2431 1217 2486 imprecationis
1256 2428 1475 2471 membrum
1517 2425 1637 2481 (Gen.

140 2510 206 2561 Ill,
235 2509 318 2565 15).
366 2512 569 2569 Plerisque
601 2512 799 2570 theologis
831 2513 1052 2570 perplacuit
1083 2513 1179 2554 haec
1209 2512 1331 2554 verba
1361 2515 1416 2554 ita
1447 2515 1639 2569 interpre-

142 2596 216 2635 tari
247 2604 293 2637 ut
313 2596 533 2653 significent
558 2596 742 2639 infestum
765 2597 919 2648 odium,
955 2612 1034 2654 quo
1059 2596 1247 2646 Satanas,
1282 2598 1422 2639 veteris
1445 2599 1637 2653 serpentis

142 2678 292 2734 proles,
326 2683 566 2736 promissum
597 2681 802 2731 Messiam,
836 2681 1009 2722 mulieris
1043 2696 1193 2730 semen,
1227 2689 1514 2738 prosecuturus
1543 2690 1635 2723 erat.

144 2760 221 2815 Qui
268 2771 417 2814 tamen,
466 2773 512 2807 ut
559 2767 737 2822 opinioni
785 2765 931 2806 alienae
979 2766 1295 2821 antiquissimum
1341 2765 1638 2807 fundamentum

136 2846 303 2902 J'aciant,
353 2856 526 2904 apertam
572 2849 691 2905 hujus
731 2849 808 2891 loci
849 2851 1079 2890 sententiam
1126 2851 1344 2905 perniciose
1387 2849 1635 2892 subvertunt.

142 2929 288 2987 Agitur
334 2933 435 2974 enim
473 2931 537 2974 hic
580 2932 626 2974 de
667 2947 795 2989 poena
835 2934 1026 2989 serpentis
1067 2941 1105 2973 et
1142 2934 1330 2976 mulieris.
1397 2933 1539 2977 Semen
1577 2933 1639 2975 vel

1303 3014 1351 3049 4·
