1867 3301
782 203 877 250 301

529 431 809 476 CANTICUM
841 431 1132 476 SEPTIMUM.

415 543 626 581 Solomonei
648 545 774 594 templi
796 545 966 581 inu-onus
988 556 1029 580 ac
1054 542 1243 579 dedicatio.

683 729 978 767 PROOEMIUM.

746 837 914 864 CHORUS.

85 917 283 948 Ps.LXV111,
439 933 447 941 .

253 958 295 997 [2]
331 930 468 988 Surgit
499 930 619 981 Deus,
654 939 898 987 sparguntur
929 929 1078 978 hostes,

329 1014 554 1071 Osoresque
588 1015 671 1070 ejus
705 1028 750 1055 eo
785 1022 994 1070 conspecto
1030 1011 1254 1069 diffugiunt.

255 1109 296 1143 [3]
329 1097 382 1140 Ut
412 1098 544 1140 sumus
579 1098 805 1154 dissipatur,
839 1099 893 1138 ita
926 1112 992 1138 eos
1027 1096 1208 1152 dissipas,

328 1180 380 1224 Ut
412 1197 497 1224 cera
528 1182 710 1239 liquescit
740 1184 841 1239 igne,
876 1183 930 1223 sic
962 1174 1131 1238 improbi
1160 1179 1211 1221 ad
1230 1179 1302 1222 Dei
1326 1186 1576 1236 conspectum

867 1273 1046 1323 pereunt.

254 1359 295 1398 [4]
327 1350 448 1392 Probi
483 1358 611 1392 autem
642 1350 829 1407 gaudent,
864 1350 1143 1406 exsultantque
1175 1363 1304 1389 coram
1339 1347 1436 1397 Deo,

326 1433 377 1476 Et
408 1449 561 1476 summo
593 1434 741 1492 gaudio
773 1435 979 1476 laetantur.

617 1604 873 1632 PRAEFECTUS
907 1604 1040 1632 CHORI.

756 1685 870 1720 Strophe
893 1685 913 1713 1.

249 1776 293 1819 [5]
328 1767 465 1812 Canite
495 1769 595 1820 Deo,
628 1769 773 1812 fidibus
808 1778 958 1812 cantate
990 1783 1133 1811 nomen
1167 1769 1264 1825 ejus,

325 1853 439 1895 Viam
472 1855 503 1894 ei
536 1863 684 1910 parate,
719 1856 786 1911 qui
819 1856 859 1895 in
892 1854 1046 1895 deserto
1080 1853 1259 1904 vehitur3

325 1935 411 1979 Jah
443 1946 502 1979 est
532 1953 675 1979 nomen
708 1938 804 1994 ejus.
852 1937 1060 1980 Exsultate
1092 1952 1222 1979 coram
1256 1951 1315 1978 eo.

249 2029 290 2069 [6]
323 2020 441 2062 Pater
473 2022 743 2079 orphanorum
776 2031 815 2063 et
844 2021 1053 2064 viduarum
1087 2021 1231 2063 vindex

323 2105 431 2147 Deus
465 2113 535 2156 est,
569 2108 610 2147 in
642 2108 864 2148 sanctuario
898 2121 971 2147 suo
1005 2105 1200 2147 habitans.

249 2197 292 2237 [7]
324 2188 432 2231 Deus
466 2198 536 2240 est,
571 2192 636 2247 qui
671 2189 834 2232 caelibes
867 2189 1011 2231 familia
1043 2188 1268 2239 circumdat,

326 2272 402 2327 Qui
435 2288 570 2315 servos
605 2277 813 2332 omnigena
844 2276 1107 2332 prosperitate
1140 2273 1323 2323 cumulat,

324 2356 380 2399 At
411 2366 658 2400 contumaces
690 2360 731 2400 in
763 2358 874 2401 arido
909 2359 1062 2402 deserto
1096 2358 1385 2415 relinquuntur.

578 2530 858 2558 IIEMICHORIUM
878 2529 1074 2559 VIRORUM.

748 2611 862 2645 Strophe
884 2609 909 2638 2.

248 2700 290 2741 [8]
323 2692 451 2736 Deus!
485 2709 606 2753 quum
639 2697 765 2737 exires
799 2710 928 2737 coram
960 2695 1112 2752 populo
1145 2703 1230 2745 tuo,

325 2777 456 2832 Quum
487 2779 684 2822 incederes
716 2794 787 2837 per
819 2779 1028 2830 desertum,

247 2868 290 2910 [9]
325 2861 449 2904 Terra
482 2865 728 2915 contremuit,
763 2865 975 2920 quinetiam
1008 2862 1153 2904 caelum
1188 2863 1348 2906 stillavit

325 2943 469 2989 Coram
501 2946 586 2990 Deo
620 2949 687 3005 qui
721 2947 769 2990 ad
802 2946 951 2991 Sinaim
984 2946 1210 3005 apparebat,
