1867 3301
945 192 1009 238 78

233 332 390 384 σόντος.
452 334 586 375 Talem
634 333 803 374 fulminis
853 334 1038 389 impetum
1081 332 1154 373 snb
1196 332 1285 373 alati
1325 333 1515 387 serpentis
1554 333 1717 388 imagine

233 418 390 474 depingi
421 432 559 473 posse,
601 424 800 458 noverunt
832 418 876 465 ii,
912 417 979 472 qui
1013 415 1182 457 Graecos
1215 422 1352 472 poetas
1384 414 1574 464 lectitant,
1614 413 1718 470 apud

233 515 332 557 quos
367 499 510 542 fulmen
544 509 602 542 est
633 499 757 553 βέλος
782 501 1004 554 κεραυνοῦ,
1038 498 1248 555 aliquando
1281 497 1329 540 ab
1353 497 1482 554 aquila
1503 505 1715 553 portatum,

232 583 442 640 aliquando
483 585 564 624 suis
604 585 729 640 ipsius
769 583 838 624 alis
872 583 1030 631 volans,
1074 596 1232 638 serpens
1270 589 1398 623 autem
1430 581 1555 622 alatus
1587 579 1719 621 vivida

232 669 397 723 imagine
429 666 504 707 tale
536 665 659 719 βέλος
690 674 973 723 repraesentat,
1007 674 1053 707 ut
1083 665 1190 721 apud
1215 664 1454 720 Aeschylum
1487 666 1526 705 in
1554 662 1717 705 Eumen.

235 748 336 792 181:
378 745 541 805 πτηνὸν
572 746 783 805 ἆργησῑῆν
815 747 939 805 ὅφιν,
980 747 1246 804 χρυσηλατοῦ
1277 747 1499 801 θώμιγγος
1529 745 1719 801 ἐξορμώ-

230 847 372 886 μενον.
434 832 489 874 At
520 847 614 874 vero
647 841 786 875 ventus
827 833 887 874 ille
927 842 965 874 et
1006 834 1128 890 ignis,
1171 818 1237 888 qui
1277 830 1448 872 divinam
1479 831 1718 886 majestatem

233 918 380 973 stipant
418 931 460 958 ac
499 915 681 958 mandata
721 917 804 972 ejus
838 924 1127 972 exsequuntur,
1170 914 1271 955 idem
1304 929 1455 956 omnem
1487 913 1718 955 mortalibus

232 999 380 1041 aditum
412 999 461 1040 ad
493 1007 699 1057 augustam
730 1001 855 1055 ipsius
887 1000 1145 1055 praesentiam
1169 996 1446 1038 intercludunt.
1493 997 1593 1037 Hinc
1614 996 1719 1053 apud

232 1091 365 1140 gentes
397 1083 602 1124 orientales
636 1082 730 1123 haec
752 1081 951 1138 symbola,
987 1096 1086 1137 quae
1108 1082 1238 1129 variis,
1272 1079 1373 1121 idem
1396 1079 1717 1137 significantibus,

234 1168 263 1206 si
297 1182 377 1207 non
409 1165 582 1221 ejusdem
613 1167 821 1221 prosapiae
846 1164 1060 1214 vocabulis,
1095 1166 1294 1224 0³:257ss
1329 1164 1587 1216 κέρβ-ερος,
1617 1161 1719 1219 γρῦ-

233 1263 326 1298 πες,
359 1250 548 1303 σφίγγες,
580 1248 746 1290 fortasse
768 1247 874 1305 apud
895 1247 1116 1305 Aegyptios
1139 1226 1293 1289 Icerccbio
1314 1243 1542 1303 (Quarterly
1558 1246 1720 1288 Review

233 1348 297 1374 no.
325 1331 420 1374 155.
453 1347 493 1389 p.
520 1329 649 1385 166),
688 1331 955 1388 designantur,
997 1338 1151 1387 operta,
1194 1332 1376 1386 mystica,
1420 1344 1558 1372 arcana
1591 1331 1719 1371 omnia

234 1415 481 1466 custodiunt,
515 1416 744 1465 thesauros,
783 1415 945 1471 templa,
988 1414 1184 1470 sepulcra,
1217 1415 1370 1470 regias,
1405 1413 1544 1455 domos
1576 1411 1720 1454 infero-

233 1514 339 1550 rum,
374 1499 519 1556 palatia
550 1498 646 1540 coeli
680 1495 785 1551 (vide
808 1497 1115 1540 Rosenmueller.
1150 1497 1200 1539 ad
1223 1495 1353 1538 Exod.
1378 1495 1508 1546 XXV,
1535 1493 1618 1549 18).
1670 1494 1721 1537 Et

234 1598 355 1640 quum
378 1581 612 1632 sacerdotes,
639 1582 731 1637 jure
754 1581 925 1639 quodam
948 1596 1034 1630 suo,
1062 1581 1110 1622 acl
1133 1581 1418 1622 sanctissimum
1441 1579 1575 1635 >templi
1595 1592 1720 1620 reces-

234 1681 320 1708 sum
349 1674 553 1723 penetrare
583 1665 764 1715 audeant,
796 1664 904 1707 facile
929 1665 1178 1721 intelligimus
1202 1678 1271 1705 cur
1291 1665 1330 1704 in
1352 1662 1528 1718 Assyriis
1551 1660 1717 1718 Layardi

234 1752 495 1793 monumentis
527 1749 705 1791 homines
738 1748 985 1790 sacerdotum
1017 1747 1174 1797 habitu,
1209 1755 1268 1788 est
1294 1744 1363 1787 ubi
1385 1745 1557 1802 aquilino
1582 1746 1717 1801 capite,

235 1833 284 1875 ad
315 1833 499 1875 sublimes
532 1834 649 1874 animi
680 1833 790 1874 nisus
823 1830 1113 1888 significandos,
1148 1832 1187 1871 vi
1220 1838 1257 1872 et
1288 1831 1403 1871 armis
1428 1843 1498 1885 per
1519 1827 1719 1870 obstantes

235 1915 442 1960 Cherubos
474 1919 577 1958 viam
609 1915 685 1958 sibi
716 1917 910 1972 aperiant,
946 1923 984 1957 et
1015 1927 1297 1971 nonnunquam
1331 1912 1513 1955 custodes
1546 1911 1719 1954 devictos

235 2015 277 2042 ae
308 2000 572 2057 triumphatos
606 2007 813 2041 ostentent.

354 2083 461 2137 Quae
493 2098 615 2140 quum
654 2083 709 2124 ita
750 2083 848 2131 sint,
890 2081 1020 2122 nullus
1061 2080 1299 2122 dubitationi
1330 2079 1564 2135 relinquitur
1595 2077 1717 2126 locus,

236 2181 356 2223 quum
388 2166 439 2208 ad
469 2167 648 2208 ultimum
680 2165 886 2222 fragmenti
917 2165 1043 2206 nostri
1075 2178 1225 2206 comma
1256 2162 1485 2205 accedimus.
1538 2159 1595 2202 Ne
1626 2175 1720 2218 pro-

237 2250 395 2306 toplasti
438 2249 488 2290 ad
528 2248 750 2290 deliciarum
797 2248 979 2297 hortum,
1029 2246 1132 2289 unde
1173 2246 1327 2303 expulsi
1367 2254 1484 2302 atque
1522 2243 1719 2286 exturbati

236 2340 362 2381 c·,1ant
413 2334 453 2373 in
494 2340 697 2388 posterum
742 2330 932 2379 redirent,
982 2329 1088 2372 Deus
1137 2329 1342 2371 collocavit
1378 2330 1417 2368 in
1456 2329 1544 2383 ipso
1588 2326 1717 2368 aditu:

235 2419 497 2476 mannan
529 2417 674 2482 :ni-m
706 2396 816 2473 nub
846 2415 943 2457 nm
974 2415 1190 2479 nin-ipu-
1193 2415 1289 2480 nze,
1319 2410 1520 2451 c‘hembos
1542 2406 1717 2466 ecflam

235 2513 346 2541 ‘snam
377 2499 480 2540 ensis
512 2499 700 2539 continuo
731 2496 918 2538 micantis
951 2502 1050 2537 etse
1070 2509 1360 2552 usquequaque
1380 2493 1578 2546 vertentis,
1611 2491 1722 2548 quod

237 2582 428 2638 significat
459 2589 528 2622 aut
560 2579 767 2623 Cherubos
799 2579 887 2620 illos
919 2578 1080 2635 γρῦπας
1110 2577 1407 2633 πυρπνέοντας
1438 2575 1577 2624 fuisse,
1612 2573 1720 2630 quod

238 2663 422 2706 Graecam
458 2665 592 2720 potius
626 2677 743 2720 quam
775 2661 996 2704 Semiticam
1028 2661 1273 2717 phantasiam
1306 2666 1476 2716 saperet,
1519 2665 1588 2699 aut
1620 2655 1718 2698 Che-

235 2748 347 2789 rubis
385 2747 458 2787 illis
494 2744 702 2802 Seraploeos
739 2746 853 2786 ctiam
879 2745 1040 2800 junctos
1074 2759 1176 2793 csse,
1219 2742 1328 2800 quod
1357 2748 1567 2798 propterea
1596 2741 1718 2795 magis

236 2827 380 2886 placet,
415 2831 507 2886 quia
531 2828 732 2885 epitheton
763 2829 1024 2889 mammon
1055 2834 1133 2867 tam
1154 2834 1254 2882 a-pte
1286 2823 1470 2866 describit
1501 2821 1718 2865 versatilem

238 2910 437 2967 Seraphici
463 2913 665 2966 serpentis,
699 2889 880 2958 turbinis,
914 2917 952 2951 et
975 2908 1147 2952 fulminis
1171 2909 1405 2957 motionem,
1432 2914 1470 2950 et
1493 2907 1585 2962 quia
1605 2903 1718 2947 radix
