1867 3301
932 207 1029 252 144

234 345 474 402 flagitiosos,
515 345 727 401 absorpsit.
790 345 865 386 Per
896 344 1134 402 baptismum
1167 346 1286 387 homo
1319 345 1489 396 ablutus,
1521 361 1591 403 per
1623 346 1723 388 dilu-

235 431 339 470 vium
372 429 543 470 mundus
577 429 745 480 dilutus3
784 444 855 486 per
893 437 1103 486 utrumque
1144 429 1322 472 homines
1361 431 1578 487 regenerati
1617 438 1721 479 sunt,

234 512 295 554 vel
325 514 365 554 in
404 515 608 569 pristinam
648 515 858 569 puritatem
899 515 1082 555 restituti.
1148 512 1333 555 Similiter
1363 513 1568 563 Israelitae,
1603 527 1722 570 quum

234 598 308 637 tuti
341 611 412 652 per
442 596 586 638 fluctus
619 599 736 638 maris
769 596 891 647 rubri,
927 599 993 653 qui
1024 596 1226 654 improbos
1248 596 1471 654 Aegyptios
1505 596 1721 647 devoravit,

235 679 284 720 ad
324 688 495 722 montem
529 679 637 721 Sinai
680 688 961 737 pervenerunt,
1005 680 1200 736 baptismo
1242 680 1412 737 quodam
1454 679 1577 722 abluti
1617 688 1722 721 sunt.

235 761 454 820 Utrobique
495 765 615 820 igitur
655 779 755 820 aqua
794 764 869 805 suit
899 767 1200 811 instrumentum
1233 763 1417 820 baptismi
1450 763 1511 805 vel
1542 763 1724 820 purifica-

236 848 365 896 tionis,
399 861 470 903 per
502 847 611 904 quod
643 847 692 888 ad
724 863 865 889 novam
900 849 1031 897 vitam,
1067 849 1283 888 intaminati
1308 847 1497 889 malorum
1520 847 1724 889 hominum

235 932 457 980 consortio,
491 940 765 987 pervenerunt.
830 930 1050 987 Utrobique
1081 930 1252 971 Ecclesia
1284 930 1377 980 Dei,
1417 945 1514 987 quae
1546 939 1624 972 tam
1654 946 1725 987 per

235 1028 360 1054 aream
384 1014 533 1065 diluvii,
559 1030 674 1072 quam
697 1030 766 1072 per
789 1014 961 1056 exodum
977 1014 1236 1055 Israelitarum
1260 1013 1513 1070 significatur,
1534 1029 1554 1054 a
1570 1013 1722 1070 reliquo

235 1098 381 1139 mundo
423 1108 602 1155 separata
634 1108 693 1140 est
724 1107 762 1140 ct
793 1107 1007 1156 segregata.
1070 1095 1150 1138 Nec
1180 1105 1309 1138 tamen
1343 1097 1519 1139 oblivisci
1553 1105 1722 1153 oportet,

235 1182 397 1224 salutem
428 1182 544 1233 illam,
580 1197 695 1239 quam
727 1182 897 1224 Ecclesia
928 1189 1113 1238 praestat,
1147 1196 1228 1222 non
1256 1180 1375 1222 modo
1391 1197 1474 1237 per
1494 1195 1633 1238 aquam
1656 1180 1724 1222 sed

235 1268 347 1306 etiam
389 1281 438 1308 ex
476 1281 578 1323 aqua
619 1281 701 1307 esse
741 1274 1061 1307 consummatam.
1125 1264 1246 1321 Apud
1288 1264 1455 1306 Graecos
1495 1266 1723 1321 praesertim

235 1351 368 1390 intima
409 1352 615 1405 σωτηρίας
654 1352 765 1392 notio
816 1365 901 1391 cum
950 1351 1231 1391 maritimorum
1274 1348 1536 1404 periculorum
1578 1348 1721 1405 effugio

235 1434 443 1489 conjuncta
475 1443 568 1475 erat.
618 1432 786 1476 Constat
811 1435 911 1475 enim
934 1434 1052 1483 Deos,
1089 1447 1188 1490 quos
1223 1434 1253 1473 si
1286 1447 1372 1473 non
1399 1432 1518 1482 solos,
1554 1440 1593 1473 at
1623 1440 1722 1473 certe

235 1531 326 1572 prae
359 1517 461 1568 aliis,
506 1520 694 1573 σωτῆρας
732 1517 1000 1574 appellabant,
1045 1532 1111 1558 eos
1145 1530 1248 1565 esse,
1299 1515 1442 1572 quibus
1485 1518 1523 1556 in
1563 1517 1722 1557 summis

234 1602 506 1657 tempestatum
544 1601 727 1658 periculis
768 1610 860 1642 vota
899 1617 972 1657 pro
1017 1601 1140 1642 salute
1180 1599 1374 1641 faciebant
1411 1595 1560 1652 (videas
1599 1613 1722 1640 meam

236 1686 529 1726 annotationem
553 1684 601 1725 ad
622 1684 736 1726 Pind.
762 1684 821 1726 Ol.
846 1685 944 1735 VIII,
970 1681 1056 1738 21).
1098 1678 1224 1724 'Immo
1249 1698 1341 1724 vero
1372 1683 1477 1724 nulla
1501 1691 1560 1724 est
1579 1682 1722 1724 tutelae

234 1770 449 1823 praesentis
473 1777 510 1809 et
531 1767 662 1825 effugii
686 1767 880 1810 efficacior
908 1770 1049 1825 imago,
1086 1782 1201 1824 quam
1224 1769 1256 1808 si
1280 1769 1367 1824 quis
1392 1769 1428 1807 in
1451 1781 1555 1808 mare
1578 1766 1723 1808 tumul-

238 1860 394 1893 tuosum
435 1860 473 1893 et
509 1851 722 1909 naufragiis
763 1861 912 1894 scatens
954 1867 972 1893 e
1012 1852 1143 1893 littore
1182 1853 1375 1908 respiciat.
1425 1848 1535 1892 Unde
1577 1851 1721 1907 optime

235 1943 351 1991 poeta
384 1932 554 1989 (Lucret.
577 1935 620 1987 II,
649 1933 709 1989 1):

414 2019 556 2071 Suave,
591 2021 688 2061 mari
719 2034 861 2077 magno
895 2018 1147 2061 turbantibus
1181 2033 1351 2076 aequora
1383 2019 1521 2068 ventis,

410 2103 442 2145 E
475 2112 578 2145 terra
609 2118 792 2161 magnum
826 2091 983 2145 alterius
1016 2112 1191 2161 spectare
1222 2102 1407 2144 laborem.

237 2185 353 2240 Quod
385 2194 512 2228 autem
547 2187 595 2228 ad
627 2196 801 2230 nostram
832 2203 911 2230 rem
944 2190 1099 2237 attinet,
1138 2186 1236 2229 illud
1269 2186 1542 2228 observatione
1575 2183 1722 2241 dignis·

235 2272 375 2311 simum
407 2279 482 2321 est,
526 2271 635 2327 quod
675 2271 747 2312 hac
785 2274 871 2328 ipsa
909 2273 1076 2328 imagine
1118 2279 1286 2312 utuntur
1319 2270 1474 2320 Graeci,
1517 2283 1637 2326 quum
1675 2267 1720 2332 de

234 2356 428 2411 mysteriis
461 2354 534 2395 illis
568 2356 820 2396 sanctissimis
855 2357 1003 2412 agitur,
1048 2368 1146 2411 quae
1179 2354 1227 2395 ad
1259 2353 1496 2410 baptismum
1530 2351 1721 2394 Christia-

234 2453 375 2479 norum
407 2446 485 2480 tam
523 2437 712 2495 symbolis
755 2452 869 2495 quam
910 2452 1027 2479 sensu
1068 2439 1247 2494 proxime
1288 2435 1532 2477 accedebant.
1594 2434 1719 2476 Multa

234 2530 344 2564 erant
373 2522 551 2580 profecto
585 2524 623 2563 in
656 2522 729 2563 illis
755 2523 950 2578 mysteriis
984 2536 1082 2578 quae
1114 2536 1265 2577 semper
1287 2511 1423 2577 operta
1444 2528 1559 2576 atque
1581 2533 1720 2560 arcana

234 2605 458 2647 manebunt.
523 2605 601 2647 Sed
634 2608 727 2647 satis
759 2614 897 2647 notum
930 2613 999 2655 cst,
1034 2605 1312 2661 hierophantas
1346 2604 1433 2645 illos
1466 2605 1604 2660 mystis
1637 2604 1718 2644 suis

233 2689 354 2730 multa
395 2689 598 2731 tradidisse
640 2689 685 2730 de
726 2689 1012 2731 immortalitate
1054 2691 1219 2738 annuae,
1263 2696 1300 2728 et
1340 2687 1385 2728 dc
1423 2687 1533 2728 malis
1571 2687 1719 2727 tamin

235 2775 313 2814 vita
346 2788 461 2829 quam
493 2782 586 2829 post
607 2781 771 2815 mortem
796 2773 984 2822 vitandi53
1007 2774 1195 2814 neminem
1219 2780 1347 2812 autem
1369 2773 1563 2812 initiatum
1585 2769 1716 2818 fuisse,

233 2858 306 2898 nisi
338 2865 432 2912 post
462 2854 765 2912 προκάθαρσιν
801 2856 1007 2912 quamdam
1042 2856 1098 2896 vel
1133 2853 1425 2910 προάγνευσιν.
1475 2854 1606 2909 Atque
1627 2852 1719 2893 huic

232 2938 428 2995 baptismo
463 2948 651 2997 quaterna
683 2940 746 2981 illa
779 2940 965 2982 clementa
998 2937 1257 2989 adhibebant3
1290 2953 1369 2979 non
1401 2937 1519 2979 modo
1553 2950 1716 2993 aquam,
