1867 3301
704 173 896 245 „379
919 242 985 244 Ἥ

100 314 258 357 Tabore
297 322 429 356 monte
470 322 596 354 castra
637 329 709 355 sua
747 316 968 370 posuisset,
1010 314 1099 356 inde
1138 323 1370 356 crescentem
1404 330 1595 372 aquarum

99 399 279 440 alluviem
312 412 428 454 quam
462 397 638 438 facillime
673 399 803 454 potuit
836 397 1054 453 despicere,
1089 406 1127 439 et
1159 412 1246 439 cum
1280 400 1403 453 copiis
1437 398 1596 440 descen-

99 482 194 523 dens
233 482 333 522 illico
374 481 508 522 hostes
550 480 599 521 ad
642 483 776 522 incitas
817 480 978 537 redegit.
1044 480 1187 522 Stellae
1224 483 1345 531 enim,
1389 484 1412 522 i.
1438 497 1469 523 e.
1504 491 1599 523 tem-

98 574 241 621 pestus,
275 580 349 622 pro
384 580 429 606 eo
462 564 706 621 pugnabant,
741 566 793 605 ita
827 572 871 605 ut
894 566 1006 620 quasi
1028 564 1213 620 Hyadum
1244 567 1428 621 auspiciis
1461 568 1599 606 trium-

97 649 250 708 pharet.
313 649 467 705 ltaque,
510 663 631 705 quum
665 648 822 689 Debora
862 663 957 689 suos
998 650 1101 689 cives
1140 648 1348 689 admonere
1381 649 1512 698 vellet,
1556 658 1601 690 ut

98 747 170 790 pro
211 732 278 773 tali
312 732 476 773 victoria
507 731 590 772 Deo
632 733 792 788 gratias
818 740 997 788 agerent,
1039 732 1225 788 quidnam
1266 732 1402 773 melius
1443 732 1596 782 faceret,

97 830 214 872 quam
248 824 292 856 ut
320 829 387 856 eos
410 814 461 855 ad
482 814 774 856 meditationem
797 815 1076 856 exhortaretur
1098 824 1290 871 »propter
1310 816 1453 856 laetum
1475 816 1598 872 ligna-

96 907 228 940 torum
261 898 467 940 clamorem
500 901 600 939 inter
641 898 782 940 effusas
818 897 1035 952 Quishonis
1076 898 1257 955 aquas«?
1326 897 1462 954 Neque
1501 899 1598 940 illud

98 982 356 1023 omittendum
389 991 447 1024 est
479 982 588 1038 quod
621 985 790 1023 viatores
812 982 1074 1023 Palaestinam
1097 981 1453 1038 Septentrionalem
1484 997 1598 1039 pera-

95 1075 252 1123 grantes
286 1066 333 1107 de
361 1065 577 1120 Quishonis
611 1065 937 1107 inundationibus
970 1065 1229 1107 tradiderunt.
1278 1066 1383 1107 Bene
1416 1067 1516 1107 enim
1548 1066 1597 1108 ad

95 1165 174 1192 rem
207 1159 383 1191 nostram
416 1158 578 1191 monent
610 1149 741 1190 »hunc
766 1158 992 1198 torrentem,
1027 1164 1096 1206 per
1128 1164 1169 1190 se
1199 1164 1379 1206 parvum,
1414 1148 1598 1191 imbrium

96 1236 259 1291 eopiosa
298 1234 488 1275 effusione
531 1232 697 1274 subinde
736 1235 790 1274 ita
830 1235 1106 1283 intumescere,
1150 1242 1195 1274 ut
1235 1248 1393 1289 campos
1433 1233 1598 1274 inundet

93 1317 321 1374 rapidisque
356 1316 543 1358 fluctibus
576 1331 833 1374 quaecunque
874 1316 948 1358 sibi
989 1316 1141 1373 objecta
1181 1316 1372 1358 auferat«
1387 1312 1412 1370 ¹)
1478 1315 1597 1370 Quod

95 1410 224 1443 autem
255 1403 296 1442 in
329 1416 446 1442 versu
478 1402 758 1442 unetvicesimo
782 1399 935 1454 Quisho
969 1400 1031 1441 ille
1063 1383 1389 1468 'DVQWPAWJJ
1416 1409 1593 1452 vocatur,

95 1488 134 1526 in
165 1486 301 1542 primis
335 1484 627 1526 observandum
667 1493 726 1526 est
763 1499 968 1541 perperam
1005 1483 1141 1525 fecisse
1173 1484 1286 1525 LXX
1319 1486 1386 1541 qui
1418 1483 1596 1540 χειμάῤ-

96 1566 196 1622 ῥους
227 1566 420 1623 ἀρχαίων
452 1570 492 1609 iu
524 1570 704 1609 versione
736 1570 955 1624 posuerint,
991 1582 1034 1608 ac
1064 1570 1096 1609 si
1128 1568 1322 1624 legeretur
1355 1572 1458 1637 ΠἾΡ
1480 1550 1592 1627 ῙἿΓ-Ἶξ.

94 1653 150 1694 Ita
191 1654 229 1693 in
261 1652 571 1693 Deuteronomio
613 1649 825 1705 (XXXIII,
863 1648 963 1705 15):
1006 1654 1270 1720 ΠἾΡ··ὛἾἿΓ]
1311 1633 1414 1693 ειιιη.
1441 1659 1596 1693 montes

95 1737 265 1793 antiqui,
300 1736 465 1777 aeterni.
515 1735 558 1777 Si
580 1750 650 1793 per
681 1736 838 1792 linguae
869 1735 1041 1777 indolem
1072 1736 1204 1777 liceret
1234 1735 1350 1776 taleni
1384 1735 1475 1776 huic
1506 1735 1593 1777 loco

94 1822 454 1876 interpretationem
486 1820 713 1876 injungere,
757 1827 967 1860 contextus
1006 1821 1090 1875 ipse
1130 1833 1152 1859 a
1187 1827 1262 1860 tam
1295 1817 1437 1875 frigida
1470 1819 1594 1875 expli-

96 1904 247 1943 catione
278 1902 485 1959 resugeret.
537 1902 667 1956 Quum
689 1902 852 1959 pluralis
883 1904 956 1943 istc
989 1905 1170 1969 ΕἺῼἈἾῬ
1202 1900 1287 1943 τῶν
1318 1899 1439 1952 ἅπαξ
1471 1901 1595 1953 λεγο-

93 1986 234 2039 μένων
255 2000 418 2026 numero
441 1984 723 2027 adscribendus
745 1987 808 2035 sit,
843 1987 1113 2042 interpretatio
1145 1985 1368 2043 quaerenda
1390 1994 1460 2035 est,
1495 2001 1595 2042 quae

95 2078 133 2111 et
165 2084 253 2110 cum
286 2077 474 2110 contextu
508 2071 654 2126 optime
687 2078 891 2126 congruat,
927 2077 965 2110 et
989 2068 1283 2110 accommodata
1315 2071 1366 2110 sit
1397 2069 1446 2110 ad
1477 2078 1593 2110 notas

93 2152 234 2195 radicis
267 2156 372 2220 ¹0·pr
404 2153 723 2210 significationes.
770 2152 855 2194 Jam
880 2168 972 2194 vero
1001 2154 1075 2194 ista
1106 2152 1223 2194 radix
1254 2152 1449 2210 significat
1480 2161 1592 2195 ante-

92 2237 165 2290 ire,
191 2238 375 2292 praeire,
409 2237 469 2278 vel
502 2237 589 2278 loco
625 2237 683 2278 vel
718 2245 903 2293 tempore.
952 2236 1102 2278 Deinde
1135 2245 1354 2294 usurpatur
1374 2239 1413 2278 vi
1436 2236 1592 2278 obviam

94 2319 287 2370 veniendi,
322 2320 368 2362 de
401 2335 446 2361 eo
480 2322 548 2377 qui
581 2329 649 2361 aut
679 2320 942 2362 auxiliaturus
972 2329 1032 2362 cst
1057 2329 1125 2362 aut
1146 2320 1341 2362 hostiliter
1364 2320 1590 2362 adorturus.

91 2403 134 2445 Id
174 2403 283 2461 quod
322 2406 531 2461 praecipue
564 2404 666 2445 valet
705 2406 743 2445 in
783 2403 919 2445 formis
960 2403 1182 2446 causalibus
1214 2404 1337 2446 Pilzel
1366 2412 1403 2446 et
1433 2403 1590 2460 IIz‘pliessl.

91 2489 148 2529 Ita
179 2496 225 2528 ut
249 2488 339 2544 jure
369 2487 524 2529 dubites
547 2496 680 2529 utrum
712 2490 849 2557 ΕἾἾΕ,
885 2488 1090 2537 »Eurus«,
1126 2486 1174 2528 ab
1198 2502 1242 2528 eo
1268 2488 1454 2529 derivarit
1476 2503 1591 2529 suum

93 2585 236 2612 nomen
275 2571 384 2628 quod
424 2573 464 2613 in
499 2571 597 2613 Asia
631 2570 869 2614 Occidentali
910 2570 1162 2628 maribusque
1205 2573 1341 2612 vicinis
1384 2580 1590 2613 ventorum

93 2655 209 2711 longe
242 2654 605 2697 vehementissimus
649 2664 707 2697 est
746 2655 807 2697 ille
838 2654 1115 2712 Euroelydon,
1158 2669 1207 2696 an
1245 2654 1355 2712 quod
1386 2655 1588 2712 epitheton

94 2782 270 2817 confluunt
294 2782 457 2829 plurimae
482 2794 598 2830 aquae,
626 2790 658 2820 et
683 2785 893 2830 recipiuntur
918 2785 952 2819 in
978 2784 1067 2820 hunc
1092 2795 1197 2820 unum
1217 2789 1429 2820 torrentem·
1471 2783 1588 2830 (Apud

94 2848 226 2884 Winer.
254 2860 280 2882 s.
307 2848 356 2892 v.)

196 2915 220 2957 ¹)
252 2913 366 2958 Shaw,
393 2913 482 2961 apud
507 2913 702 2950 Hollmann.
729 2927 760 2962 p.
779 2913 836 2949 45.
