1867 3301
711 196 995 269 „395³—

105 338 296 381 librorum
329 336 658 387 Samuelicorum,
704 339 785 380 sive
824 340 856 379 is
888 336 1047 379 Nathan
1087 335 1225 386 fucrit,
1267 339 1348 378 sive
1381 337 1479 379 alius
1513 340 1600 395 quis

107 422 314 465 Solomoni
346 422 530 479 aequalis,
565 436 682 463 unam
716 421 843 463 saltim
876 422 1037 478 elegiam
1062 436 1111 462 ex
1133 420 1364 478 anthologia
1385 420 1602 462 Jasharana

106 515 326 549 mutuatum
359 521 460 556 esse,
508 506 716 547 concludat
748 507 877 562 quivis
911 507 1079 547 sanioris
1113 507 1262 547 critices
1294 506 1479 561 peritior,
1521 520 1602 546 non

105 590 224 632 modo
257 591 416 632 alteram
447 590 550 631 illam
584 590 630 631 de
652 590 812 632 Abnero
847 590 1019 647 elegiam,
1055 590 1166 645 cujus
1199 591 1357 630 nonnisi
1390 589 1601 630 frustulum

106 683 286 731 superest
317 671 361 727 (2
384 673 489 716 Sam.
510 674 578 723 ΙΙΙ,
604 672 679 723 33,
708 671 793 727 34),
828 688 878 715 ex
910 673 1045 715 eodem
1079 681 1326 730 syntagmate
1357 672 1603 730 desumptam

106 773 202 808 esse,
236 773 372 800 verum
405 760 539 808 etiam,
582 773 626 799 ac
658 745 791 798 multo
816 760 931 799 etiam
962 760 1105 814 magis,
1140 757 1215 798 alia
1248 758 1435 807 earmina,
1471 771 1493 797 a
1523 756 1603 798 Da-

105 842 193 884 vide
226 845 370 899 scripta
402 851 518 899 atque
551 841 600 883 ad
622 841 813 883 Davidem
834 843 963 898 ipsum
985 843 1233 898 pertinentia,
1269 855 1367 898 quae
1389 841 1601 882 historicus

105 935 240 968 noster
271 926 460 968 verbatim
501 928 715 983 excerpsit,
757 925 1019 967 Jasharanum
1055 927 1244 981 originem
1285 939 1378 981 prae
1417 939 1456 966 se
1490 924 1600 966 ferre.

104 1010 161 1051 Ita
192 1010 436 1060 habebimus,
470 1018 625 1067 praeter
650 1012 745 1052 istas
779 1010 933 1067 elegias,
969 1008 1113 1065 quibus
1146 1009 1326 1050 homines
1360 1007 1434 1049 sibi
1467 1007 1601 1050 affines

106 1094 342 1151 eosdemque
373 1095 463 1151 plus
495 1096 619 1151 magis
651 1093 824 1136 infensos
856 1094 1082 1143 honoravit,
1115 1093 1277 1134 Hannae
1307 1092 1416 1149 quod
1438 1100 1603 1134 vocatur

106 1180 299 1219 canticum
332 1175 372 1232 (1
400 1178 505 1220 Sam.
527 1179 577 1228 ΙΙ,
607 1178 691 1220 1-
710 1176 795 1231 10),
830 1177 940 1234 quod
970 1177 1086 1227 mihi,
1120 1185 1166 1218 ut
1198 1185 1285 1218 ante
1321 1176 1490 1226 Thenio,
1523 1175 1603 1217 Da-

105 1262 206 1304 vidis
239 1264 279 1304 in
313 1262 535 1304 Goliatham
566 1263 812 1319 triumphum
844 1261 1036 1303 celebrare
1067 1260 1235 1311 videtur,
1268 1260 1469 1302 Psalmum
1501 1259 1604 1301 deci-

105 1361 211 1387 mum
245 1354 427 1388 octavum
461 1344 504 1400 (2
529 1346 634 1389 Sam.
660 1345 809 1399 XXII),
845 1354 882 1387 et
911 1346 1049 1387 ultima
1079 1345 1243 1396 Davidis
1275 1344 1396 1387 verba
1428 1341 1471 1397 (2
1495 1343 1600 1385 Sam.

104 1429 252 1477 XXIII,
280 1428 424 1484 1—-7).
471 1430 534 1480 Si,
567 1439 613 1472 ut
645 1431 775 1487 aliqua
797 1430 858 1470 his
882 1431 1050 1471 accessio
1073 1428 1153 1479 fiat,
1187 1429 1344 1486 longam
1367 1410 1470 1469 illam
1491 1427 1603 1469 Psal-

105 1528 260 1555 morum
280 1514 547 1556 collectionem
568 1523 873 1572 perscrutamur,
898 1514 1008 1564 nihil,
1034 1515 1188 1570 opinor,
1211 1515 1468 1563 inveniemus,
1494 1511 1604 1570 quod

107 1599 317 1639 certissime
356 1598 434 1640 huc
464 1598 599 1640 referri
636 1600 784 1655 possit,
825 1606 980 1655 praeter
1013 1599 1221 1654 epinicium
1253 1596 1368 1646 illud,
1412 1612 1490 1654 quo
1523 1596 1604 1638 Da-

105 1681 214 1723 vides
247 1683 432 1723 victorias
465 1697 556 1725 suas
591 1682 639 1724 ab
672 1682 879 1732 Edomitis,
913 1681 1116 1730 Moabitis,
1151 1690 1189 1723 et
1212 1681 1435 1722 Philistaeis
1468 1689 1602 1738 partas

106 1762 272 1819 (Psalm.
303 1763 400 1819 LX)
441 1766 639 1823 relligiosa
678 1768 862 1807 ovatione
903 1765 1160 1807 concelebrat.
1218 1764 1370 1806 Multos
1402 1773 1604 1822 praeterea

104 1849 282 1890 Psalmos
322 1865 344 1890 a
374 1849 526 1890 Davide
567 1852 655 1906 ipso
697 1851 943 1906 conscriptos
985 1864 1090 1899 esse,
1131 1850 1274 1906 partim
1306 1848 1417 1898 laeti,
1460 1850 1603 1905 partim

104 1935 290 1975 tristioris
338 1935 576 1990 argumenti,
626 1935 781 1974 minime
828 1935 1063 1990 negaverim.
1128 1931 1209 1974 Sed
1249 1932 1403 1974 credere
1445 1941 1604 1989 oportet

105 2017 219 2059 talem
257 2032 406 2075 regem,
449 2020 520 2059 etsi
561 2032 652 2058 suas
693 2019 950 2074 cogitationes
992 2017 1038 2058 de
1080 2018 1219 2073 quavis
1258 2032 1299 2058 re
1336 2017 1475 2058 litteris
1509 2031 1603 2058 con-

107 2103 340 2158 signaverit,
375 2117 456 2144 non
488 2110 617 2143 tamen
648 2101 792 2142 idcireo
831 2101 1040 2157 jussurum
1071 2100 1211 2150 fuisse,
1245 2109 1291 2142 ut
1321 2100 1422 2142 libro
1457 2101 1511 2141 illi
1543 2102 1603 2142 in-

107 2194 329 2227 sererentur
367 2200 483 2242 quem
514 2184 691 2227 coetibus
727 2185 989 2228 Israelitarum
1027 2184 1313 2227 decantandum
1344 2183 1600 2226 mandaverit.

109 2269 238 2323 Quum
279 2269 391 2310 multi
423 2278 572 2319 essent,
615 2271 683 2326 qui
715 2268 844 2319 Sauli,
886 2269 1142 2319 Jonatlmnis,
1183 2269 1334 2311 Abneri
1375 2270 1603 2310 memoriam

107 2353 289 2403 colerent,
327 2353 532 2410 prudentis
565 2361 648 2395 erat
678 2355 752 2394 viri
784 2361 822 2395 et
852 2356 954 2410 regis
988 2352 1193 2395 ostendere
1226 2355 1363 2410 quanti
1393 2352 1602 2394 bellicosos

105 2436 194 2478 illos
226 2437 404 2478 homines
437 2439 520 2494 ipse
553 2439 785 2479 aestimaret.
842 2436 922 2479 Sed
955 2437 1002 2478 de
1034 2439 1116 2478 suis
1150 2445 1237 2478 ante
1259 2451 1423 2494 regnum
1444 2444 1603 2493 partum

107 2521 370 2563 errationibus
403 2529 441 2563 et
471 2523 656 2571 miseriis,
691 2520 738 2562 dc
769 2522 937 2578 pcccatis
970 2529 1109 2577 postea
1141 2519 1342 2570 admissis,
1376 2534 1490 2562 nemo
1523 2519 1603 2561 Da-

107 2604 195 2645 vide
227 2607 382 2647 vivente
423 2600 686 2663 et'regnante
720 2604 936 2661 quidquam
968 2603 1081 2645 cdere
1113 2619 1233 2645 ausus
1267 2612 1380 2645 esset.
1429 2603 1486 2645 Ne
1520 2618 1603 2645 car-

106 2702 193 2729 men
234 2688 391 2745 quidem
432 2688 541 2731 istud
580 2687 745 2742 (Psalm.
775 2686 851 2740 Il),
896 2702 975 2744 quo
1018 2687 1242 2729 inchoatam
1275 2685 1461 2729 victo'riae
1493 2702 1602 2744 spem

108 2771 301 2828 significat
329 2785 402 2814 rex
432 2772 494 2813 ille
527 2781 565 2814 et
595 2780 725 2822 vates,
759 2771 978 2813 Jasharano
1011 2770 1111 2812 libro
1145 2773 1333 2812 insertum
1366 2773 1600 2827 putaverim.

108 2853 319 2911 Scripserit
356 2854 453 2896 illud
493 2863 531 2896 et
563 2857 816 2898 conservarit.
871 2854 950 2896 Sed
989 2856 1029 2895 in
1060 2854 1162 2896 libro
1196 2853 1373 2896 coetibus
1407 2854 1600 2895 destinato

107 2951 188 2980 non
220 2946 414 2995 speratam
445 2938 515 2980 sed
551 2947 702 2995 partam
733 2939 938 2981 victoriam
970 2937 1162 2980 celebrare
1194 2937 1379 2986 debebat,
1421 2936 1462 2979 id
1493 2935 1603 2994 quod

1273 3017 1318 3052 20
