1867 3301
952 182 1142 257 218ἡκ

472 344 486 359 »
500 325 616 368 Quare
639 332 765 373 gentes
786 326 1081 363 tumultuantur?

470 398 517 434 Et
538 399 704 434 nationes
727 404 894 433 aestuant
914 398 1061 434 inania?

473 469 689 518 Conspirant
710 481 814 517 reges
836 476 952 505 terrae
976 476 1009 505 et
1031 470 1212 519 principes
1236 469 1459 507 conveniunt

471 540 658 578 Adversus
680 540 858 577 Jehovam
881 553 1035 590 eumque
1059 553 1166 591 quem
1187 541 1328 578 Jehova
1348 541 1531 577 inunxit«

258 659 309 700 Et
340 661 378 699 in
400 657 556 699 Psalmo
588 660 845 715 sexagesimo,
881 660 947 715 qui
970 658 1019 699 ad
1040 658 1242 700 Idumaeae
1265 657 1560 700 debellationem
1582 666 1743 714 spectat,

259 742 322 783 illa
362 744 447 798 ipsa
479 756 616 782 versus
643 740 696 782 18
733 741 901 783 formula
934 745 1123 792 occurrit3
1162 757 1250 783 nam
1285 741 1393 797 quod
1425 742 1487 782 hie
1519 741 1564 782 de
1596 740 1746 782 Davide

257 824 524 882 praedicatur,
567 824 608 865 id
639 823 810 866 Davides
853 824 905 865 ibi
940 825 985 865 de
1017 825 1198 866 Israelitis
1231 826 1313 865 suis
1345 823 1544 880 praedicat
1575 821 1628 877 (V.
1657 822 1745 877 14):

258 893 515 975 ¹7³5?le
547 889 753 968 D³Ul¹7812
788 908 895 949 »Deo
930 907 1140 964 adjuvante
1166 907 1319 948 fortiter
1342 921 1422 947 rem
1445 910 1657 963 gerimus«
1702 907 1746 948 In

259 991 426 1033 formula
458 995 589 1058 ³³:32³&
621 989 752 1051 ’Ἴψῳ
776 987 829 1043 (v.
853 988 921 1040 18)
955 990 1116 1031 affixum
1148 990 1419 1046 pronominale
1441 1005 1522 1031 non
1544 989 1594 1031 ad
1616 986 1746 1051 ἾἾᾘΨ

260 1084 453 1131 spectare,
494 1055 563 1115 scd
595 1073 645 1114 ad
675 1088 804 1130 regem
836 1074 943 1114 illum
974 1074 1256 1123 Israelstarum,
1291 1073 1429 1115 suadet
1459 1075 1605 1130 positio
1638 1075 1746 1114 vocis

259 1163 405 1226 ΓἹῘΞΙἾἾ.
467 1158 510 1198 In
550 1157 732 1198 clausulis
773 1171 872 1213 quae
913 1165 1133 1213 sequuntur
1166 1173 1202 1197 V.
1231 1155 1282 1200 19
1319 1156 1626 1213 intercapedines
1658 1171 1747 1197 nar-

259 1222 421 1284 rationis
463 1243 587 1282 omisi.
650 1240 702 1281 Et
739 1242 776 1280 in
817 1240 892 1280 fine
932 1242 1079 1296 primae
1119 1255 1256 1281 versus
1290 1239 1342 1281 21
1387 1239 1579 1280 clausulae
1611 1254 1746 1280 vocem

259 1326 478 1367 vocativam
519 1329 588 1392 ΠΕ
624 1323 759 1373 intuli,
800 1338 880 1364 non
920 1323 1039 1364 modo
1079 1332 1125 1364 ut
1165 1323 1429 1364 membrorum
1464 1322 1746 1379 parallelismus

260 1416 429 1457 constet,
471 1407 540 1448 sed
580 1409 693 1448 etiam
732 1415 778 1447 ut
814 1409 1091 1462 paronomasia
1129 1410 1221 1475 ηΞΡ
1258 1405 1401 1447 habeat
1432 1420 1511 1462 quo
1543 1405 1745 1447 referatur.

258 1491 584 1532 Vaticinationem
616 1498 811 1539 nostram,
848 1490 972 1546 qualis
1005 1492 1044 1530 in
1068 1489 1168 1531 libro
1192 1489 1409 1531 Jasharano
1433 1488 1536 1530 edita
1557 1497 1633 1539 est,
1665 1504 1747 1530 non

259 1575 362 1616 ultra
401 1589 557 1615 versum
598 1574 823 1614 vicesimum
863 1572 1077 1613 secundum
1116 1572 1347 1629 procedere,
1396 1566 1509 1628 quem
1547 1572 1622 1613 levi
1661 1586 1748 1613 cor-

258 1661 429 1699 rectione
463 1656 682 1705 emendavi,
719 1658 825 1705 satis,
859 1664 905 1696 ut
935 1656 1029 1696 mihi
1062 1655 1219 1712 quidem
1241 1655 1408 1705 videtur,
1442 1656 1514 1696 hac
1541 1657 1748 1696 ratiocina-

262 1745 363 1783 tione
414 1739 594 1781 concludi
639 1746 785 1795 potest.
848 1738 1086 1794 Prophetam
1133 1739 1265 1780 divino
1308 1740 1450 1795 spiritu
1489 1737 1661 1779 afflatum
1701 1738 1747 1780 de

258 1824 375 1867 rebus
417 1824 532 1880 longe
571 1831 665 1879 post
695 1823 871 1863 venturis
914 1824 1099 1877 augurari
1137 1837 1275 1878 posse,
1316 1824 1472 1862 minime
1510 1824 1745 1878 negaverim.

261 1908 358 1958 Sed,
392 1910 431 1948 in
462 1908 612 1963 primis,
646 1906 740 1946 haec
770 1920 851 1945 non
876 1913 934 1945 est
956 1919 1047 1945 vera
1068 1907 1306 1955 vaticinatio,
1341 1904 1410 1946 sed
1431 1907 1746 1946 commemoratio

259 2006 387 2033 rerum
429 1998 626 2047 gestarum
659 1991 821 2045 antiquo
855 1991 933 2029 vati
965 1990 1119 2044 poetica
1151 1988 1318 2045 quadam
1350 1989 1504 2030 licentia
1537 1991 1746 2045 assignata.

259 2073 427 2123 Deinde,
462 2088 583 2129 quum
615 2072 711 2113 illud
744 2080 846 2113 esset
877 2073 1079 2127 scriptoris
1113 2072 1338 2121 consilium,
1372 2080 1418 2113 ut
1446 2071 1597 2113 beatam
1626 2071 1749 2113 Israe-

259 2158 413 2199 litarum
446 2155 644 2197 fortunam
677 2156 930 2212 significaret,
965 2154 1011 2195 ab
1043 2170 1082 2196 re
1113 2153 1250 2196 fuisset
1280 2154 1493 2211 quidquam
1516 2154 1562 2196 de
1582 2156 1747 2196 miseriis

260 2243 305 2281 iis
346 2242 525 2287 innuere,
578 2253 674 2294 quas
715 2238 872 2294 Assyrii
912 2246 949 2279 et
988 2247 1083 2294 post
1121 2238 1311 2294 Assyrios
1351 2237 1586 2279 Macedones
1626 2237 1745 2279 electo

259 2323 409 2381 populo
455 2322 600 2362 illaturi
641 2329 760 2362 erant.
833 2320 1030 2376 Denique,
1080 2323 1112 2361 si
1152 2330 1268 2377 poeta
1308 2330 1444 2363 noster
1481 2321 1542 2362 vel
1581 2322 1747 2362 maxime

259 2407 531 2464 prospexisset
562 2404 722 2445 classem
753 2403 855 2444 illam
877 2403 1093 2444 Alexandri
1125 2406 1273 2460 magni,
1309 2418 1387 2460 qua
1409 2404 1561 2460 Tyrum
1591 2402 1744 2444 obside-

259 2490 346 2539 bat,
379 2497 546 2546 putasne
578 2503 665 2529 eum
695 2501 1004 2543 praeoccupasse
1037 2486 1238 2527 confusam
1261 2487 1361 2527 illam
1384 2487 1744 2536 nomenclationem,

261 2587 338 2629 qua
384 2574 625 2629 posteriores
665 2570 804 2612 Judaei
851 2584 873 2610 a
914 2568 1153 2626 Cypriorum
1200 2569 1467 2625 designatione
1513 2573 1639 2632 0³53?
1686 2570 1746 2611 vel

259 2658 419 2715 ΠἯᾎᾏ,
455 2669 553 2711 quae
579 2655 769 2696 Citienses
798 2656 823 2694 i.
847 2667 878 2694 e.
906 2653 1050 2693 incolas
1076 2652 1168 2694 Citii
1197 2655 1237 2693 in
1268 2652 1396 2693 insula
1420 2651 1554 2709 Cypro
1588 2651 1747 2694 denotat

262 2736 356 2791 (Jes.
380 2737 527 2788 XXIII,
555 2736 621 2779 12.
654 2737 732 2779 Jer.
755 2737 807 2786 Il,
836 2735 901 2778 10.
934 2735 1003 2777 Ez.
1026 2735 1196 2785 XXVII,
1221 2733 1278 2788 6),
1312 2735 1362 2776 ad
1381 2734 1656 2777 Ma-ced-ones
1685 2736 1746 2777 vel

260 2821 476 2863 Ma-lcet-os
511 2819 757 2862 transibant?
791 2818 958 2862 Constat
988 2820 1088 2859 enim
1121 2820 1285 2860 seriores
1307 2817 1480 2860 Judaeos
1512 2817 1746 2859 vocabulum

260 2907 389 2966 0³53ss
420 2904 486 2945 tali
520 2903 801 2960 significatione
832 2916 1057 2960 usurpasse.
1104 2901 1160 2943 Ita
1186 2900 1204 2944 1
1225 2900 1398 2944 Maccab.
1421 2902 1454 2952 Ι,
1477 2899 1497 2943 1
1523 2900 1745 2943 Alexander
