1867 3301
787 199 885 247 273

91 336 278 396 ἀπάοροι
309 339 546 383 πτώσσοντι
578 344 781 398 συμφορᾷ
814 340 1086 396 δεδαιγμένοι
1109 337 1286 393 (P.V111‚
1308 337 1396 394 90).
1444 339 1587 383 Liben-

90 434 148 467 ter
180 435 217 467 et
248 441 361 482 saepe
394 424 568 466 fecerunt
588 424 757 466 Hebraei
789 428 1012 482 scriptores,
1047 433 1093 466 ut
1119 424 1165 466 de
1186 423 1415 467 liberatione
1439 440 1460 466 a
1482 434 1590 468 metu

90 517 128 550 et
165 509 341 566 periculo
384 510 590 566 loquentes
630 509 955 550 translationibus
997 524 1019 550 a
1054 511 1124 550 viis
1163 508 1331 565 publicis
1374 517 1411 550 ct
1450 510 1588 565 amplis

90 595 227 649 spatiis
269 601 484 635 uterentur.
548 593 604 634 Ita
643 593 814 634 Davides
856 595 895 634 in
934 593 1090 634 Psalmo
1121 592 1278 643 XXXI,
1304 592 1348 635 9:
1390 595 1587 634 »statuisti

89 677 129 717 in
162 676 248 717 loco
282 678 459 733 spatioso
491 676 612 733 pedes
646 692 794 719 meos«.
842 677 894 718 Et
916 692 1038 734 quum
1060 677 1215 718 Isaacus
1240 677 1456 718 libertatem
1480 679 1589 733 putei

90 759 263 801 fodiendi
289 761 371 816 jam
406 759 560 802 tandem
592 750 830 802 obtinuisset
859 763 941 802 sine
963 763 1051 802 rixa
1081 769 1120 802 et
1141 763 1412 810 contentione,
1446 776 1589 803 nomen

90 846 124 884 ei
161 838 330 904 ΠἿΞῙἿἾ
371 846 580 901 imposuit,
622 847 646 885 i.
679 860 710 886 e.
750 845 856 886 latas
885 845 997 886 vias:
1042 844 1195 885 dicebat
1227 847 1346 886 enim:
1390 845 1589 902 »amplum

88 926 204 969 nobis
250 908 380 970 locum
419 928 573 969 Jehova
620 930 837 970 concessit«
878 925 1000 982 (Gen.
1031 928 1187 978 XXVI,
1223 926 1316 982 22).
1384 928 1502 982 Quod
1540 928 1590 970 ad

89 1011 281 1053 Israelitas
324 1014 479 1062 attinet,
525 1028 604 1053 non
639 1013 721 1068 jam
759 1020 854 1069 post
891 1020 1045 1069 partam
1084 1011 1265 1053 Deborae
1306 1014 1510 1054 victoriam
1548 1014 1589 1053 in

89 1097 283 1137 montium
314 1099 489 1137 cavernis
522 1096 748 1145 latitabant,
791 1096 860 1138 sed
898 1098 938 1137 in
970 1099 1079 1138 vicos
1113 1111 1207 1138 suos
1240 1111 1311 1152 per
1342 1099 1425 1137 vias
1457 1096 1589 1153 publi-

90 1193 152 1220 cas
193 1178 480 1222 descendebant
511 1177 565 1234 (V.
599 1179 670 1230 10,
703 1177 787 1233 11).
855 1180 975 1234 Quod
1014 1189 1096 1222 erat
1128 1188 1305 1237 apertum
1339 1189 1589 1237 recuperatae

90 1262 279 1304 libertatis
320 1272 358 1306 et
397 1266 616 1306 commercii
654 1266 937 1305 testimonium.
1003 1263 1083 1305 Sed
1124 1263 1172 1305 ad
1207 1266 1434 1320 propiorem
1468 1264 1588 1320 hujus

89 1349 145 1388 rei
177 1348 545 1405 contemplationem
577 1350 804 1405 proximum
836 1363 910 1389 nos
944 1363 1094 1390 comma
1125 1347 1305 1389 adducet.

208 1447 246 1472 v.
271 1431 310 1473 7
358 1431 416 1473 Dc
448 1431 569 1475 verbo
603 1436 720 1501 ῘἾΤἾτΞ
764 1434 887 1473 trinae
930 1441 1023 1474 sunt
1064 1434 1320 1488 interpretum
1361 1409 1586 1474 sententiae.

90 1515 221 1557 Prima
268 1518 445 1573 sequitur
483 1515 608 1558 LXX.
651 1525 688 1558 et
725 1516 964 1573 Vulgatum,
1015 1532 1036 1557 a
1077 1515 1222 1572 quibus
1262 1516 1357 1557 haee
1396 1531 1479 1557 vox
1518 1531 1590 1573 per

92 1599 287 1650 δυνατοί,
324 1599 481 1657 fortes,
524 1602 779 1657 exprimitur3
827 1601 948 1642 altela
987 1602 1165 1642 versione
1200 1598 1397 1642 Chaldaea
1435 1602 1586 1649 nititul,

91 1698 190 1741 quae
232 1683 351 1725 verba
393 1687 530 1731 ΕἾἛ
573 1693 610 1726 et
651 1689 810 1734 ΠἾῗἾΞ,
861 1699 1104 1742 synonyma,
1156 1693 1201 1725 ut
1241 1684 1416 1734 videtur,
1469 1684 1588 1740 hujus

90 1762 228 1835 ῘἿΤἾΤΞ,
268 1783 340 1824 per
363 1784 500 1825 payos
531 1769 722 1825 explieat3
763 1770 898 1819 tertia,
934 1768 1082 1825 Syrum
1114 1767 1364 1825 Arabemque
1396 1770 1589 1825 interpre-

39 1872 41 1875 ·
90 1859 168 1892 tem
194 1831 362 1901 secuta,
404 1861 585 1894 nostrum
618 1852 855 1893 vocabulum
892 1867 962 1909 per
993 1852 1253 1894 solitudinem
1287 1852 1345 1893 vel
1369 1852 1590 1908 planitiem

92 1933 288 1976 transfert.
354 1934 484 1988 Quum
525 1936 601 1977 hoc
633 1936 734 1977 idem
766 1940 882 2005 ῙἾΤἾΤΞ)
916 1938 954 1977 in
988 1951 1104 1977 versu
1121 1915 1250 1977 ‘etiam
1282 1935 1488 1977 undecimo
1524 1951 1590 1978 oc-

93 2027 242 2069 currat,
283 2021 351 2059 vix
384 2018 466 2060 fieri
498 2028 649 2076 potest,
690 2028 737 2060 ut
767 2020 880 2061 aliam
912 2019 974 2061 hic
1005 2035 1099 2076 prae
1132 2035 1171 2060 se
1205 2020 1304 2061 ferat
1335 2020 1590 2077 significatio-

91 2117 191 2144 nem.
247 2102 447 2156 Quaenam
478 2105 600 2160 igitur
631 2105 902 2160 interpretatio
936 2105 976 2145 in
1007 2112 1219 2160 utrumque
1251 2118 1407 2145 versum
1441 2107 1588 2162 optime

92 2186 330 2243 quadrabit?
367 2187 581 2244 Imprimis,
624 2188 674 2229 ad
705 2186 868 2229 verbum
902 2170 1048 2255 ³370,
1088 2204 1109 2229 a
1140 2189 1265 2244 priori
1297 2203 1414 2230 versu
1445 2191 1589 2246 repeti-

92 2279 196 2320 tum,
241 2270 548 2313 animadvertere
580 2271 792 2327 oportebit.
858 2270 955 2325 Quis
977 2251 1196 2313 erediderit
1225 2275 1417 2329 poetriam
1450 2276 1489 2314 in
1520 2274 1589 2315 tali

91 2356 296 2397 iteratione
328 2354 465 2397 eodem
499 2355 619 2397 verbo
655 2355 810 2397 diverso
834 2370 952 2397 sensu
973 2370 1085 2397 usam
1107 2356 1257 2398 fuisse?
1305 2356 1436 2410 Quum
1467 2359 1589 2414 igitur

91 2433 262 2506 ΠἺΠἻΖἘ
294 2421 425 2508 ἾῙἿἾΓῚ
453 2440 580 2481 valeat
611 2439 866 2482 »derelictae«
898 2440 999 2481 vel»
1013 2440 1187 2482 desertae
1221 2449 1331 2482 crant
1361 2443 1486 2491 viae«,
1520 2456 1588 2482 ne-

93 2535 198 2564 cesse
237 2531 297 2564 est
334 2532 380 2565 ut
416 2538 487 2580 per
526 2527 644 2593 ῙἸΤἾΞ
685 2510 810 2570 ἾΙἾἾΠ
855 2524 976 2565 simile
1023 2524 1119 2580 quid
1158 2524 1376 2581 significare
1417 2524 1589 2566 voluerit

91 2604 262 2647 Debora.
324 2606 515 2664 Equidem
547 2608 678 2649 nullus
712 2623 797 2649 sum
831 2607 976 2649 dubius
1010 2610 1103 2664 quin
1137 2602 1256 2677 353]ss
1299 2610 1411 2665 quasi
1443 2623 1587 2650 nomen

92 2691 297 2745 proprium
329 2699 448 2741 esset,
490 2706 590 2749 quae
623 2691 847 2749 designaret
884 2692 986 2733 illam
1018 2694 1217 2749 regionem
1249 2691 1318 2733 ubi
1351 2694 1588 2750 septentrio-

92 2773 198 2814 nales
229 2773 455 2829 Perizitae,
497 2777 536 2817 in
569 2784 726 2833 apertos
758 2791 905 2833 pagos,
939 2778 963 2817 i.
988 2792 1020 2818 e.
1054 2770 1216 2835 ΠῆῗἾ-Ξ,
1251 2775 1471 2826 distributi,
1506 2777 1588 2833 syl-

93 2865 240 2899 vestres
274 2872 432 2915 campos
462 2858 706 2902 habitabant.
752 2859 906 2902 Nomen
935 2868 1064 2901 autem
1086 2839 1331 2902 collectivum
1354 2876 1440 2902 cum
1463 2859 1585 2901 verbo

92 2940 234 2997 plurali
267 2944 443 2985 construi
474 2957 592 2999 posse
630 2945 880 2986 notissimum
919 2952 990 2986 est.
1052 2944 1109 2986 Ita
1148 2946 1187 2986 in
1219 2959 1337 2987 versu
1378 2944 1585 2986 undecimo

1256 3024 1301 3060 18
