<?xml version="1.0" encoding="UTF-8"?>
<!DOCTYPE html PUBLIC "-//W3C//DTD XHTML 1.0 Transitional//EN"
    "http://www.w3.org/TR/xhtml1/DTD/xhtml1-transitional.dtd">
<html xmlns="http://www.w3.org/1999/xhtml" xml:lang="en" lang="en">
 <head>
  <title>
</title>
<meta http-equiv="Content-Type" content="text/html;charset=utf-8" />
  <meta name='ocr-system' content='tesseract 3.04.00' />
  <meta name='ocr-capabilities' content='ocr_page ocr_carea ocr_par ocr_line ocrx_word'/>
</head>
<body>
  <div class='ocr_page' id='page_1' title='image "./jasharfragmentaa00dona_0361.png"; bbox 0 0 1867 3301; ppageno 0'>
   <div class='ocr_carea' id='block_1_1' title="bbox 786 198 888 246">
    <p class='ocr_par' dir='ltr' id='par_1_1' title="bbox 786 198 888 246">
     <span class='ocr_line' id='line_1_1' title="bbox 786 198 888 246; baseline -0.02 0"><span class='ocrx_word' id='word_1_1' title='bbox 786 198 888 246; x_wconf 76' lang='lat'>287</span> 
     </span>
    </p>
   </div>
   <div class='ocr_carea' id='block_1_2' title="bbox 86 338 1583 1067">
    <p class='ocr_par' dir='ltr' id='par_1_2' title="bbox 86 338 1583 898">
     <span class='ocr_line' id='line_1_2' title="bbox 87 338 1583 397; baseline -0.001 -15"><span class='ocrx_word' id='word_1_2' title='bbox 87 342 170 391; x_wconf 88' lang='lat' dir='ltr'>crit,</span> <span class='ocrx_word' id='word_1_3' title='bbox 211 355 327 397; x_wconf 83' lang='lat' dir='ltr'>quani</span> <span class='ocrx_word' id='word_1_4' title='bbox 360 341 392 381; x_wconf 87' lang='lat' dir='ltr'>si</span> <span class='ocrx_word' id='word_1_5' title='bbox 425 339 524 380; x_wconf 89' lang='lat' dir='ltr'>hanc</span> <span class='ocrx_word' id='word_1_6' title='bbox 557 338 866 396; x_wconf 75' lang='lat' dir='ltr'><strong>designationem</strong></span> <span class='ocrx_word' id='word_1_7' title='bbox 900 338 946 380; x_wconf 85' lang='lat' dir='ltr'>de</span> <span class='ocrx_word' id='word_1_8' title='bbox 979 354 1133 381; x_wconf 87' lang='lat' dir='ltr'>summo</span> <span class='ocrx_word' id='word_1_9' title='bbox 1166 354 1209 381; x_wconf 89' lang='lat' dir='ltr'>ac</span> <span class='ocrx_word' id='word_1_10' title='bbox 1240 341 1415 397; x_wconf 74' lang='lat' dir='ltr'>principe</span> <span class='ocrx_word' id='word_1_11' title='bbox 1448 356 1583 382; x_wconf 82' lang='lat' dir='ltr'>eorum</span> 
     </span>
     <span class='ocr_line' id='line_1_3' title="bbox 88 420 1583 492; baseline 0 -27"><span class='ocrx_word' id='word_1_12' title='bbox 88 424 301 481; x_wconf 85' lang='lat' dir='ltr'>praedicari</span> <span class='ocrx_word' id='word_1_13' title='bbox 345 432 614 473; x_wconf 79' lang='lat' dir='ltr'>autumamus,</span> <span class='ocrx_word' id='word_1_14' title='bbox 659 437 760 480; x_wconf 86' lang='lat' dir='ltr'>quos</span> <span class='ocrx_word' id='word_1_15' title='bbox 799 423 964 465; x_wconf 61' lang='grc' dir='ltr'>ι1010111111</span> <span class='ocrx_word' id='word_1_16' title='bbox 997 431 1113 465; x_wconf 84' lang='lat' dir='ltr'>vocat</span> <span class='ocrx_word' id='word_1_17' title='bbox 1154 420 1285 476; x_wconf 83' lang='lat' dir='ltr'>(XLI,</span> <span class='ocrx_word' id='word_1_18' title='bbox 1322 422 1398 476; x_wconf 87' lang='grc'>16)</span> <span class='ocrx_word' id='word_1_19' title='bbox 1433 428 1583 492; x_wconf 57' lang='grc' dir='ltr'>ΠἾἾΞΞᾈ</span> 
     </span>
     <span class='ocr_line' id='line_1_4' title="bbox 86 491 1582 575; baseline -0.002 -23"><span class='ocrx_word' id='word_1_20' title='bbox 86 491 311 575; x_wconf 56' lang='grc' dir='ltr'>ΠᾩΞἹῙἿΕΓ]</span> <span class='ocrx_word' id='word_1_21' title='bbox 344 505 485 567; x_wconf 36' lang='lat' dir='ltr'>&#39;&#39;tl-«⁶2⁸5</span> <span class='ocrx_word' id='word_1_22' title='bbox 545 506 623 548; x_wconf 85' lang='lat' dir='ltr'>Sed</span> <span class='ocrx_word' id='word_1_23' title='bbox 666 515 703 548; x_wconf 88' lang='lat' dir='ltr'>et</span> <span class='ocrx_word' id='word_1_24' title='bbox 740 509 824 563; x_wconf 87' lang='lat' dir='ltr'>ipse</span> <span class='ocrx_word' id='word_1_25' title='bbox 857 516 1065 549; x_wconf 82' lang='lat' dir='ltr'>contextus</span> <span class='ocrx_word' id='word_1_26' title='bbox 1099 507 1221 548; x_wconf 88' lang='lat' dir='ltr'>simile</span> <span class='ocrx_word' id='word_1_27' title='bbox 1255 507 1351 564; x_wconf 89' lang='lat' dir='ltr'>qnid</span> <span class='ocrx_word' id='word_1_28' title='bbox 1382 506 1582 564; x_wconf 78' lang='lat' dir='ltr'>efflagitat.</span> 
     </span>
     <span class='ocr_line' id='line_1_5' title="bbox 86 590 1583 647; baseline 0 -15"><span class='ocrx_word' id='word_1_29' title='bbox 86 590 285 632; x_wconf 82' lang='lat' dir='ltr'>Habemus</span> <span class='ocrx_word' id='word_1_30' title='bbox 325 592 425 632; x_wconf 88' lang='lat' dir='ltr'>enim</span> <span class='ocrx_word' id='word_1_31' title='bbox 472 591 535 631; x_wconf 86' lang='lat' dir='ltr'>hic</span> <span class='ocrx_word' id='word_1_32' title='bbox 578 591 838 647; x_wconf 76' lang='lat' dir='ltr'>amplissimae</span> <span class='ocrx_word' id='word_1_33' title='bbox 880 591 1079 647; x_wconf 81' lang='lat' dir='ltr'>dignitatis</span> <span class='ocrx_word' id='word_1_34' title='bbox 1126 591 1325 631; x_wconf 87' lang='lat' dir='ltr'>mulierem</span> <span class='ocrx_word' id='word_1_35' title='bbox 1367 592 1413 633; x_wconf 91' lang='lat' dir='ltr'>de</span> <span class='ocrx_word' id='word_1_36' title='bbox 1454 591 1583 633; x_wconf 86' lang='lat' dir='ltr'>reditu</span> 
     </span>
     <span class='ocr_line' id='line_1_6' title="bbox 86 673 1582 730; baseline -0.001 -14"><span class='ocrx_word' id='word_1_37' title='bbox 86 676 228 716; x_wconf 90' lang='lat' dir='ltr'>summi</span> <span class='ocrx_word' id='word_1_38' title='bbox 260 674 369 716; x_wconf 89' lang='lat' dir='ltr'>ducis</span> <span class='ocrx_word' id='word_1_39' title='bbox 403 673 655 730; x_wconf 85' lang='lat' dir='ltr'>ejusdemque</span> <span class='ocrx_word' id='word_1_40' title='bbox 687 674 755 715; x_wconf 89' lang='lat' dir='ltr'>filii</span> <span class='ocrx_word' id='word_1_41' title='bbox 788 676 848 715; x_wconf 89' lang='lat' dir='ltr'>sui</span> <span class='ocrx_word' id='word_1_42' title='bbox 883 674 1153 715; x_wconf 79' lang='lat' dir='ltr'>liariolantem.</span> <span class='ocrx_word' id='word_1_43' title='bbox 1201 673 1305 727; x_wconf 82' lang='lat' dir='ltr'>Quid</span> <span class='ocrx_word' id='word_1_44' title='bbox 1339 674 1493 716; x_wconf 87' lang='lat' dir='ltr'>tandem</span> <span class='ocrx_word' id='word_1_45' title='bbox 1516 675 1582 716; x_wconf 90' lang='lat' dir='ltr'>tali</span> 
     </span>
     <span class='ocr_line' id='line_1_7' title="bbox 86 749 1582 815; baseline -0.001 -15"><span class='ocrx_word' id='word_1_46' title='bbox 86 773 277 815; x_wconf 79' lang='lat' dir='ltr'><strong>personae</strong></span> <span class='ocrx_word' id='word_1_47' title='bbox 316 758 648 799; x_wconf 83' lang='lat' dir='ltr'>accommodatius</span> <span class='ocrx_word' id='word_1_48' title='bbox 690 749 807 814; x_wconf 87' lang='lat' dir='ltr'>quam</span> <span class='ocrx_word' id='word_1_49' title='bbox 847 766 891 799; x_wconf 91' lang='lat' dir='ltr'>ut</span> <span class='ocrx_word' id='word_1_50' title='bbox 931 758 977 799; x_wconf 89' lang='lat' dir='ltr'>de</span> <span class='ocrx_word' id='word_1_51' title='bbox 1014 760 1262 813; x_wconf 83' lang='lat' dir='ltr'>imperatoris</span> <span class='ocrx_word' id='word_1_52' title='bbox 1296 759 1433 814; x_wconf 82' lang='lat' dir='ltr'>spoliis</span> <span class='ocrx_word' id='word_1_53' title='bbox 1467 767 1504 799; x_wconf 84' lang='lat' dir='ltr'>et</span> <span class='ocrx_word' id='word_1_54' title='bbox 1535 758 1582 799; x_wconf 85' lang='lat' dir='ltr'>de</span> 
     </span>
     <span class='ocr_line' id='line_1_8' title="bbox 86 840 1308 898; baseline -0.001 -15"><span class='ocrx_word' id='word_1_55' title='bbox 86 856 156 883; x_wconf 89' lang='lat' dir='ltr'>sua</span> <span class='ocrx_word' id='word_1_56' title='bbox 186 842 354 898; x_wconf 78' lang='lat' dir='ltr'>praedae</span> <span class='ocrx_word' id='word_1_57' title='bbox 385 843 686 898; x_wconf 84' lang='lat' dir='ltr'>participatione</span> <span class='ocrx_word' id='word_1_58' title='bbox 718 841 976 897; x_wconf 78' lang='lat' dir='ltr'>loqueretur?</span> <span class='ocrx_word' id='word_1_59' title='bbox 1017 840 1116 882; x_wconf 86' lang='lat' dir='ltr'>Nam</span> <span class='ocrx_word' id='word_1_60' title='bbox 1150 843 1204 882; x_wconf 91' lang='lat' dir='ltr'>sie</span> <span class='ocrx_word' id='word_1_61' title='bbox 1237 843 1308 882; x_wconf 86' lang='lat' dir='ltr'>ait:</span> 
     </span>
    </p>

    <p class='ocr_par' dir='ltr' id='par_1_3' title="bbox 145 944 937 994">
     <span class='ocr_line' id='line_1_9' title="bbox 145 944 937 994; baseline -0.003 -11"><span class='ocrx_word' id='word_1_62' title='bbox 145 964 159 977; x_wconf 65' lang='lat'>⁷·</span> <span class='ocrx_word' id='word_1_63' title='bbox 171 945 300 983; x_wconf 86' lang='lat' dir='ltr'>Nonne</span> <span class='ocrx_word' id='word_1_64' title='bbox 322 946 525 991; x_wconf 76' lang='lat' dir='ltr'>inveniunt,</span> <span class='ocrx_word' id='word_1_65' title='bbox 549 944 716 981; x_wconf 74' lang='lat' dir='ltr'>dividunt</span> <span class='ocrx_word' id='word_1_66' title='bbox 738 944 937 994; x_wconf 72' lang='lat' dir='ltr'>praedam?</span> 
     </span>
    </p>

    <p class='ocr_par' dir='ltr' id='par_1_4' title="bbox 144 1016 1401 1067">
     <span class='ocr_line' id='line_1_10' title="bbox 144 1016 1401 1067; baseline 0 -13"><span class='ocrx_word' id='word_1_67' title='bbox 144 1018 225 1054; x_wconf 80' lang='lat' dir='ltr'>Una</span> <span class='ocrx_word' id='word_1_68' title='bbox 245 1018 378 1067; x_wconf 88' lang='lat' dir='ltr'>puella,</span> <span class='ocrx_word' id='word_1_69' title='bbox 400 1018 511 1053; x_wconf 87' lang='lat' dir='ltr'>immo</span> <span class='ocrx_word' id='word_1_70' title='bbox 535 1017 626 1053; x_wconf 83' lang='lat' dir='ltr'>duae</span> <span class='ocrx_word' id='word_1_71' title='bbox 648 1016 790 1066; x_wconf 87' lang='lat' dir='ltr'>puellae</span> <span class='ocrx_word' id='word_1_72' title='bbox 814 1023 897 1052; x_wconf 89' lang='lat' dir='ltr'>sunt</span> <span class='ocrx_word' id='word_1_73' title='bbox 921 1016 1120 1054; x_wconf 86' lang='lat' dir='ltr'>fortissimo</span> <span class='ocrx_word' id='word_1_74' title='bbox 1145 1017 1228 1054; x_wconf 88' lang='lat' dir='ltr'>duci</span> <span class='ocrx_word' id='word_1_75' title='bbox 1250 1016 1401 1067; x_wconf 84' lang='lat' dir='ltr'>praeda!</span> 
     </span>
    </p>
   </div>
   <div class='ocr_carea' id='block_1_3' title="bbox 144 1089 1391 1139">
    <p class='ocr_par' dir='ltr' id='par_1_5' title="bbox 144 1089 1391 1139">
     <span class='ocr_line' id='line_1_11' title="bbox 144 1089 1391 1139; baseline -0.001 -14"><span class='ocrx_word' id='word_1_76' title='bbox 144 1089 267 1126; x_wconf 84' lang='lat' dir='ltr'>Vestis</span> <span class='ocrx_word' id='word_1_77' title='bbox 290 1091 414 1134; x_wconf 85' lang='lat' dir='ltr'>tincta,</span> <span class='ocrx_word' id='word_1_78' title='bbox 439 1091 547 1125; x_wconf 82' lang='grc'><strong>11111110</strong></span> <span class='ocrx_word' id='word_1_79' title='bbox 572 1089 664 1125; x_wconf 86' lang='lat' dir='ltr'>duae</span> <span class='ocrx_word' id='word_1_80' title='bbox 686 1095 806 1125; x_wconf 76' lang='lat' dir='ltr'>vestes</span> <span class='ocrx_word' id='word_1_81' title='bbox 833 1089 966 1125; x_wconf 78' lang='lat' dir='ltr'>tinctae</span> <span class='ocrx_word' id='word_1_82' title='bbox 989 1097 1075 1126; x_wconf 83' lang='lat' dir='ltr'>sunt</span> <span class='ocrx_word' id='word_1_83' title='bbox 1097 1090 1218 1126; x_wconf 84' lang='lat' dir='ltr'>Sisrac</span> <span class='ocrx_word' id='word_1_84' title='bbox 1238 1089 1391 1139; x_wconf 84' lang='lat' dir='ltr'>praeda!</span> 
     </span>
    </p>
   </div>
   <div class='ocr_carea' id='block_1_4' title="bbox 144 1160 1581 1211">
    <p class='ocr_par' dir='ltr' id='par_1_6' title="bbox 144 1160 1581 1211">
     <span class='ocr_line' id='line_1_12' title="bbox 144 1160 1581 1211; baseline 0 -14"><span class='ocrx_word' id='word_1_85' title='bbox 144 1160 267 1198; x_wconf 83' lang='lat' dir='ltr'>Vestis</span> <span class='ocrx_word' id='word_1_86' title='bbox 285 1174 353 1199; x_wconf 89' lang='lat' dir='ltr'>acu</span> <span class='ocrx_word' id='word_1_87' title='bbox 368 1162 476 1211; x_wconf 87' lang='lat' dir='ltr'>picta,</span> <span class='ocrx_word' id='word_1_88' title='bbox 494 1162 605 1198; x_wconf 82' lang='lat' dir='ltr'>immo</span> <span class='ocrx_word' id='word_1_89' title='bbox 624 1160 715 1198; x_wconf 85' lang='lat' dir='ltr'>duae</span> <span class='ocrx_word' id='word_1_90' title='bbox 728 1168 849 1198; x_wconf 78' lang='lat' dir='ltr'>vestes</span> <span class='ocrx_word' id='word_1_91' title='bbox 867 1173 935 1198; x_wconf 87' lang='lat' dir='ltr'>acu</span> <span class='ocrx_word' id='word_1_92' title='bbox 950 1162 1068 1210; x_wconf 78' lang='lat' dir='ltr'>pictae</span> <span class='ocrx_word' id='word_1_93' title='bbox 1087 1168 1171 1198; x_wconf 82' lang='lat' dir='ltr'>sunt</span> <span class='ocrx_word' id='word_1_94' title='bbox 1187 1173 1269 1198; x_wconf 90' lang='lat' dir='ltr'>mco</span> <span class='ocrx_word' id='word_1_95' title='bbox 1288 1162 1380 1198; x_wconf 89' lang='lat' dir='ltr'>collo</span> <span class='ocrx_word' id='word_1_96' title='bbox 1398 1161 1552 1210; x_wconf 77' lang='lat' dir='ltr'>pracda!</span> <span class='ocrx_word' id='word_1_97' title='bbox 1566 1175 1581 1189; x_wconf 65' lang='grc' dir='ltr'>α</span> 
     </span>
    </p>
   </div>
   <div class='ocr_carea' id='block_1_5' title="bbox 83 1260 1582 2909">
    <p class='ocr_par' dir='ltr' id='par_1_7' title="bbox 83 1260 1582 2909">
     <span class='ocr_line' id='line_1_13' title="bbox 143 1260 1582 1318; baseline 0.001 -16"><span class='ocrx_word' id='word_1_98' title='bbox 143 1271 147 1276; x_wconf 78' lang='grc'><strong><em>’</em></strong></span> <span class='ocrx_word' id='word_1_99' title='bbox 202 1261 395 1318; x_wconf 83' lang='lat' dir='ltr'>Imprimis</span> <span class='ocrx_word' id='word_1_100' title='bbox 428 1276 584 1310; x_wconf 86' lang='lat' dir='ltr'>moneo,</span> <span class='ocrx_word' id='word_1_101' title='bbox 619 1260 844 1302; x_wconf 87' lang='lat' dir='ltr'>incredibile</span> <span class='ocrx_word' id='word_1_102' title='bbox 867 1276 950 1302; x_wconf 91' lang='lat' dir='ltr'>esse</span> <span class='ocrx_word' id='word_1_103' title='bbox 974 1261 1071 1302; x_wconf 88' lang='lat' dir='ltr'>duas</span> <span class='ocrx_word' id='word_1_104' title='bbox 1095 1263 1268 1317; x_wconf 84' lang='lat' dir='ltr'>captivas</span> <span class='ocrx_word' id='word_1_105' title='bbox 1295 1262 1459 1318; x_wconf 76' lang='lat' dir='ltr'>singulis</span> <span class='ocrx_word' id='word_1_106' title='bbox 1481 1262 1582 1303; x_wconf 86' lang='lat' dir='ltr'>mili-</span> 
     </span>
     <span class='ocr_line' id='line_1_14' title="bbox 84 1344 1582 1402; baseline 0.001 -16"><span class='ocrx_word' id='word_1_107' title='bbox 84 1345 191 1386; x_wconf 88' lang='lat' dir='ltr'>tibus</span> <span class='ocrx_word' id='word_1_108' title='bbox 223 1360 399 1401; x_wconf 89' lang='lat' dir='ltr'>unquam</span> <span class='ocrx_word' id='word_1_109' title='bbox 433 1344 634 1402; x_wconf 74' lang='lat' dir='ltr'>obtigisse.</span> <span class='ocrx_word' id='word_1_110' title='bbox 687 1345 788 1385; x_wconf 92' lang='lat' dir='ltr'>Illud</span> <span class='ocrx_word' id='word_1_111' title='bbox 820 1347 949 1401; x_wconf 87' lang='lat' dir='ltr'>aptius</span> <span class='ocrx_word' id='word_1_112' title='bbox 983 1353 1085 1386; x_wconf 89' lang='lat' dir='ltr'>esset</span> <span class='ocrx_word' id='word_1_113' title='bbox 1114 1346 1260 1398; x_wconf 74' lang='grc' dir='ltr'><strong><em>γέρας,</em></strong></span> <span class='ocrx_word' id='word_1_114' title='bbox 1295 1347 1327 1386; x_wconf 89' lang='lat' dir='ltr'>si</span> <span class='ocrx_word' id='word_1_115' title='bbox 1360 1347 1448 1402; x_wconf 89' lang='lat' dir='ltr'>quis</span> <span class='ocrx_word' id='word_1_116' title='bbox 1480 1347 1582 1387; x_wconf 87' lang='lat' dir='ltr'>inter</span> 
     </span>
     <span class='ocr_line' id='line_1_15' title="bbox 84 1410 1579 1485; baseline 0.001 -16"><span class='ocrx_word' id='word_1_117' title='bbox 84 1428 292 1470; x_wconf 86' lang='lat' dir='ltr'>bellatores</span> <span class='ocrx_word' id='word_1_118' title='bbox 325 1443 409 1471; x_wconf 89' lang='lat' dir='ltr'>sese</span> <span class='ocrx_word' id='word_1_119' title='bbox 432 1428 705 1485; x_wconf 82' lang='lat' dir='ltr'>dignissimum</span> <span class='ocrx_word' id='word_1_120' title='bbox 729 1430 989 1485; x_wconf 83' lang='lat' dir='ltr'>praestiterat,</span> <span class='ocrx_word' id='word_1_121' title='bbox 1025 1430 1086 1470; x_wconf 86' lang='lat' dir='ltr'>cui</span> <span class='ocrx_word' id='word_1_122' title='bbox 1109 1426 1301 1483; x_wconf 76' lang='grc' dir='ltr'><em>ἀριστεῖα</em></span> <span class='ocrx_word' id='word_1_123' title='bbox 1323 1410 1579 1479; x_wconf 65' lang='lat' dir='ltr'>deferrentur,</span> 
     </span>
     <span class='ocr_line' id='line_1_16' title="bbox 84 1511 1582 1570; baseline 0.001 -17"><span class='ocrx_word' id='word_1_124' title='bbox 84 1511 268 1553; x_wconf 84' lang='lat' dir='ltr'>Profecto</span> <span class='ocrx_word' id='word_1_125' title='bbox 301 1528 349 1553; x_wconf 88' lang='lat' dir='ltr'>ne</span> <span class='ocrx_word' id='word_1_126' title='bbox 382 1512 525 1554; x_wconf 89' lang='lat' dir='ltr'>ducum</span> <span class='ocrx_word' id='word_1_127' title='bbox 567 1512 724 1569; x_wconf 89' lang='lat' dir='ltr'>quidem</span> <span class='ocrx_word' id='word_1_128' title='bbox 760 1514 939 1568; x_wconf 88' lang='lat' dir='ltr'>ipsorum</span> <span class='ocrx_word' id='word_1_129' title='bbox 970 1514 1246 1569; x_wconf 87' lang='lat' dir='ltr'>unusquisque</span> <span class='ocrx_word' id='word_1_130' title='bbox 1277 1528 1350 1569; x_wconf 89' lang='lat' dir='ltr'>pro</span> <span class='ocrx_word' id='word_1_131' title='bbox 1385 1528 1457 1554; x_wconf 90' lang='lat' dir='ltr'>sua</span> <span class='ocrx_word' id='word_1_132' title='bbox 1487 1528 1582 1570; x_wconf 89' lang='lat' dir='ltr'>por-</span> 
     </span>
     <span class='ocr_line' id='line_1_17' title="bbox 86 1595 1580 1653; baseline 0.001 -16"><span class='ocrx_word' id='word_1_133' title='bbox 86 1597 191 1637; x_wconf 87' lang='lat' dir='ltr'>tione</span> <span class='ocrx_word' id='word_1_134' title='bbox 231 1595 329 1637; x_wconf 90' lang='lat' dir='ltr'>duas</span> <span class='ocrx_word' id='word_1_135' title='bbox 361 1595 558 1637; x_wconf 90' lang='lat' dir='ltr'>Briseidas</span> <span class='ocrx_word' id='word_1_136' title='bbox 598 1595 800 1652; x_wconf 86' lang='lat' dir='ltr'>postulare</span> <span class='ocrx_word' id='word_1_137' title='bbox 832 1598 977 1652; x_wconf 89' lang='lat' dir='ltr'>potuit.</span> <span class='ocrx_word' id='word_1_138' title='bbox 1033 1595 1208 1637; x_wconf 88' lang='lat' dir='ltr'>Naaman</span> <span class='ocrx_word' id='word_1_139' title='bbox 1240 1598 1343 1653; x_wconf 86' lang='lat' dir='ltr'>ipsc,</span> <span class='ocrx_word' id='word_1_140' title='bbox 1386 1599 1580 1638; x_wconf 76' lang='lat' dir='ltr'>exercitus</span> 
     </span>
     <span class='ocr_line' id='line_1_18' title="bbox 86 1679 1580 1736; baseline 0.001 -16"><span class='ocrx_word' id='word_1_141' title='bbox 86 1679 178 1736; x_wconf 87' lang='lat' dir='ltr'>Syri</span> <span class='ocrx_word' id='word_1_142' title='bbox 210 1679 313 1729; x_wconf 82' lang='lat' dir='ltr'>dux,</span> <span class='ocrx_word' id='word_1_143' title='bbox 348 1681 408 1720; x_wconf 92' lang='lat' dir='ltr'>vir</span> <span class='ocrx_word' id='word_1_144' title='bbox 438 1693 601 1736; x_wconf 81' lang='lat' dir='ltr'>magnae</span> <span class='ocrx_word' id='word_1_145' title='bbox 634 1682 880 1721; x_wconf 85' lang='lat' dir='ltr'>auctoritatis</span> <span class='ocrx_word' id='word_1_146' title='bbox 912 1679 1019 1736; x_wconf 90' lang='lat' dir='ltr'>apud</span> <span class='ocrx_word' id='word_1_147' title='bbox 1053 1679 1255 1720; x_wconf 87' lang='lat' dir='ltr'>dominum</span> <span class='ocrx_word' id='word_1_148' title='bbox 1288 1695 1424 1729; x_wconf 87' lang='lat' dir='ltr'>suum,</span> <span class='ocrx_word' id='word_1_149' title='bbox 1463 1696 1580 1722; x_wconf 91' lang='lat' dir='ltr'>unam</span> 
     </span>
     <span class='ocr_line' id='line_1_19' title="bbox 85 1760 1579 1820; baseline 0.001 -17"><span class='ocrx_word' id='word_1_150' title='bbox 85 1762 292 1804; x_wconf 81' lang='lat' dir='ltr'>dumtaxat</span> <span class='ocrx_word' id='word_1_151' title='bbox 315 1765 507 1820; x_wconf 88' lang='lat' dir='ltr'>captivam</span> <span class='ocrx_word' id='word_1_152' title='bbox 529 1763 779 1805; x_wconf 87' lang='lat' dir='ltr'>Israeliticam</span> <span class='ocrx_word' id='word_1_153' title='bbox 801 1762 972 1805; x_wconf 87' lang='lat' dir='ltr'>habebat</span> <span class='ocrx_word' id='word_1_154' title='bbox 994 1760 1037 1816; x_wconf 83' lang='lat'>(2</span> <span class='ocrx_word' id='word_1_155' title='bbox 1054 1763 1151 1820; x_wconf 81' lang='lat' dir='ltr'>Reg.</span> <span class='ocrx_word' id='word_1_156' title='bbox 1173 1779 1203 1804; x_wconf 91' lang='lat' dir='ltr'>c.</span> <span class='ocrx_word' id='word_1_157' title='bbox 1223 1761 1304 1816; x_wconf 91' lang='lat' dir='ltr'>V.).</span> <span class='ocrx_word' id='word_1_158' title='bbox 1338 1764 1417 1806; x_wconf 90' lang='lat' dir='ltr'>Pro</span> <span class='ocrx_word' id='word_1_159' title='bbox 1436 1766 1579 1807; x_wconf 82' lang='lat' dir='ltr'>eximio</span> 
     </span>
     <span class='ocr_line' id='line_1_20' title="bbox 84 1847 1579 1905; baseline 0.001 -18"><span class='ocrx_word' id='word_1_160' title='bbox 84 1861 176 1888; x_wconf 90' lang='lat' dir='ltr'>sane</span> <span class='ocrx_word' id='word_1_161' title='bbox 207 1849 380 1903; x_wconf 85' lang='lat' dir='ltr'>praemio</span> <span class='ocrx_word' id='word_1_162' title='bbox 415 1847 698 1888; x_wconf 86' lang='lat' dir='ltr'>aestimandum</span> <span class='ocrx_word' id='word_1_163' title='bbox 732 1855 835 1896; x_wconf 87' lang='lat' dir='ltr'>erat,</span> <span class='ocrx_word' id='word_1_164' title='bbox 871 1849 903 1888; x_wconf 88' lang='lat' dir='ltr'>si</span> <span class='ocrx_word' id='word_1_165' title='bbox 936 1849 998 1888; x_wconf 91' lang='lat' dir='ltr'>cui</span> <span class='ocrx_word' id='word_1_166' title='bbox 1030 1847 1130 1888; x_wconf 90' lang='lat' dir='ltr'>duae</span> <span class='ocrx_word' id='word_1_167' title='bbox 1160 1848 1311 1904; x_wconf 82' lang='lat' dir='ltr'>puellae</span> <span class='ocrx_word' id='word_1_168' title='bbox 1345 1847 1579 1905; x_wconf 79' lang='lat' dir='ltr'>obtigerant.</span> 
     </span>
     <span class='ocr_line' id='line_1_21' title="bbox 83 1930 1581 1988; baseline 0.001 -17"><span class='ocrx_word' id='word_1_169' title='bbox 83 1930 135 1972; x_wconf 90' lang='lat' dir='ltr'>Et</span> <span class='ocrx_word' id='word_1_170' title='bbox 165 1930 279 1987; x_wconf 91' lang='lat' dir='ltr'>plane</span> <span class='ocrx_word' id='word_1_171' title='bbox 312 1939 476 1987; x_wconf 88' lang='lat' dir='ltr'>apparet</span> <span class='ocrx_word' id='word_1_172' title='bbox 507 1931 640 1972; x_wconf 90' lang='lat' dir='ltr'>duales</span> <span class='ocrx_word' id='word_1_173' title='bbox 673 1931 757 1972; x_wconf 87' lang='lat' dir='ltr'>illas</span> <span class='ocrx_word' id='word_1_174' title='bbox 784 1945 900 1972; x_wconf 88' lang='lat' dir='ltr'>voces</span> <span class='ocrx_word' id='word_1_175' title='bbox 934 1933 973 1972; x_wconf 89' lang='lat' dir='ltr'>in</span> <span class='ocrx_word' id='word_1_176' title='bbox 1007 1931 1083 1972; x_wconf 91' lang='lat' dir='ltr'>hoc</span> <span class='ocrx_word' id='word_1_177' title='bbox 1115 1940 1303 1973; x_wconf 86' lang='lat' dir='ltr'>commate</span> <span class='ocrx_word' id='word_1_178' title='bbox 1335 1931 1385 1972; x_wconf 86' lang='lat' dir='ltr'>ad</span> <span class='ocrx_word' id='word_1_179' title='bbox 1417 1932 1581 1988; x_wconf 86' lang='lat' dir='ltr'>amplifi-</span> 
     </span>
     <span class='ocr_line' id='line_1_22' title="bbox 85 2014 1580 2072; baseline 0.001 -17"><span class='ocrx_word' id='word_1_180' title='bbox 85 2014 247 2056; x_wconf 86' lang='lat' dir='ltr'>candam</span> <span class='ocrx_word' id='word_1_181' title='bbox 279 2016 510 2057; x_wconf 85' lang='lat' dir='ltr'>sententiam</span> <span class='ocrx_word' id='word_1_182' title='bbox 542 2022 754 2071; x_wconf 89' lang='lat' dir='ltr'>usurpatas</span> <span class='ocrx_word' id='word_1_183' title='bbox 788 2029 884 2056; x_wconf 91' lang='lat' dir='ltr'>esse.</span> <span class='ocrx_word' id='word_1_184' title='bbox 933 2014 1066 2071; x_wconf 88' lang='lat' dir='ltr'>Atque</span> <span class='ocrx_word' id='word_1_185' title='bbox 1098 2015 1207 2056; x_wconf 87' lang='lat' dir='ltr'>haud</span> <span class='ocrx_word' id='word_1_186' title='bbox 1239 2017 1319 2056; x_wconf 91' lang='lat' dir='ltr'>scio</span> <span class='ocrx_word' id='word_1_187' title='bbox 1353 2030 1401 2056; x_wconf 91' lang='lat' dir='ltr'>an</span> <span class='ocrx_word' id='word_1_188' title='bbox 1434 2017 1580 2072; x_wconf 85' lang='lat' dir='ltr'>optime</span> 
     </span>
     <span class='ocr_line' id='line_1_23' title="bbox 84 2098 1580 2156; baseline 0.001 -17"><span class='ocrx_word' id='word_1_189' title='bbox 84 2098 302 2140; x_wconf 87' lang='lat' dir='ltr'>illustretur</span> <span class='ocrx_word' id='word_1_190' title='bbox 332 2098 428 2141; x_wconf 88' lang='lat' dir='ltr'>hacc</span> <span class='ocrx_word' id='word_1_191' title='bbox 459 2100 732 2156; x_wconf 79' lang='lat' dir='ltr'>exaggeratio,</span> <span class='ocrx_word' id='word_1_192' title='bbox 773 2098 1064 2140; x_wconf 90' lang='lat' dir='ltr'>narratiuncula</span> <span class='ocrx_word' id='word_1_193' title='bbox 1100 2098 1268 2155; x_wconf 86' lang='lat' dir='ltr'>quadam</span> <span class='ocrx_word' id='word_1_194' title='bbox 1301 2114 1417 2156; x_wconf 86' lang='lat' dir='ltr'>quam</span> <span class='ocrx_word' id='word_1_195' title='bbox 1450 2101 1490 2140; x_wconf 90' lang='lat' dir='ltr'>in</span> <span class='ocrx_word' id='word_1_196' title='bbox 1520 2114 1580 2141; x_wconf 89' lang='lat' dir='ltr'>re-</span> 
     </span>
     <span class='ocr_line' id='line_1_24' title="bbox 85 2181 1582 2239; baseline 0.001 -16"><span class='ocrx_word' id='word_1_197' title='bbox 85 2184 247 2224; x_wconf 90' lang='lat' dir='ltr'>centiori</span> <span class='ocrx_word' id='word_1_198' title='bbox 281 2181 565 2224; x_wconf 84' lang='lat' dir='ltr'>Germanorum</span> <span class='ocrx_word' id='word_1_199' title='bbox 605 2182 771 2224; x_wconf 88' lang='lat' dir='ltr'>historia</span> <span class='ocrx_word' id='word_1_200' title='bbox 802 2184 953 2232; x_wconf 81' lang='lat' dir='ltr'>inveni,</span> <span class='ocrx_word' id='word_1_201' title='bbox 996 2197 1111 2239; x_wconf 90' lang='lat' dir='ltr'>quam</span> <span class='ocrx_word' id='word_1_202' title='bbox 1144 2185 1266 2224; x_wconf 87' lang='lat' dir='ltr'>miror</span> <span class='ocrx_word' id='word_1_203' title='bbox 1296 2184 1487 2224; x_wconf 88' lang='lat' dir='ltr'>neminem</span> <span class='ocrx_word' id='word_1_204' title='bbox 1520 2191 1582 2224; x_wconf 86' lang='lat' dir='ltr'>tot</span> 
     </span>
     <span class='ocr_line' id='line_1_25' title="bbox 85 2265 1580 2323; baseline 0.001 -16"><span class='ocrx_word' id='word_1_205' title='bbox 85 2265 334 2316; x_wconf 89' lang='lat' dir='ltr'>Teutonum,</span> <span class='ocrx_word' id='word_1_206' title='bbox 379 2268 445 2323; x_wconf 85' lang='lat' dir='ltr'>qui</span> <span class='ocrx_word' id='word_1_207' title='bbox 478 2266 583 2307; x_wconf 88' lang='lat' dir='ltr'>hunc</span> <span class='ocrx_word' id='word_1_208' title='bbox 615 2281 771 2307; x_wconf 86' lang='lat' dir='ltr'>versum</span> <span class='ocrx_word' id='word_1_209' title='bbox 805 2266 1014 2323; x_wconf 82' lang='lat' dir='ltr'>explanare</span> <span class='ocrx_word' id='word_1_210' title='bbox 1048 2268 1176 2308; x_wconf 90' lang='lat' dir='ltr'>conati</span> <span class='ocrx_word' id='word_1_211' title='bbox 1210 2275 1320 2316; x_wconf 86' lang='lat' dir='ltr'>sunt,</span> <span class='ocrx_word' id='word_1_212' title='bbox 1364 2268 1403 2308; x_wconf 92' lang='lat' dir='ltr'>in</span> <span class='ocrx_word' id='word_1_213' title='bbox 1434 2282 1580 2308; x_wconf 84' lang='lat' dir='ltr'>memo-</span> 
     </span>
     <span class='ocr_line' id='line_1_26' title="bbox 83 2349 1576 2407; baseline -0.001 -16"><span class='ocrx_word' id='word_1_214' title='bbox 83 2351 180 2391; x_wconf 89' lang='lat' dir='ltr'>riam</span> <span class='ocrx_word' id='word_1_215' title='bbox 211 2364 431 2392; x_wconf 87' lang='lat' dir='ltr'>revocassc.</span> <span class='ocrx_word' id='word_1_216' title='bbox 486 2350 586 2391; x_wconf 89' lang='lat' dir='ltr'>Post</span> <span class='ocrx_word' id='word_1_217' title='bbox 616 2350 811 2406; x_wconf 90' lang='lat' dir='ltr'>proelium</span> <span class='ocrx_word' id='word_1_218' title='bbox 841 2350 1124 2407; x_wconf 81' lang='lat' dir='ltr'>Ampfingense</span> <span class='ocrx_word' id='word_1_219' title='bbox 1156 2350 1206 2392; x_wconf 89' lang='lat' dir='ltr'>A.</span> <span class='ocrx_word' id='word_1_220' title='bbox 1230 2351 1278 2391; x_wconf 91' lang='lat' dir='ltr'>D.</span> <span class='ocrx_word' id='word_1_221' title='bbox 1301 2349 1576 2392; x_wconf 81' lang='lat' dir='ltr'>MCCCXXH.</span> 
     </span>
     <span class='ocr_line' id='line_1_27' title="bbox 85 2433 1577 2489; baseline -0.001 -15"><span class='ocrx_word' id='word_1_222' title='bbox 85 2447 164 2489; x_wconf 91' lang='lat' dir='ltr'>quo</span> <span class='ocrx_word' id='word_1_223' title='bbox 187 2433 428 2484; x_wconf 88' lang='lat' dir='ltr'>Ludovicus,</span> <span class='ocrx_word' id='word_1_224' title='bbox 462 2433 655 2475; x_wconf 91' lang='lat' dir='ltr'>Boiorum</span> <span class='ocrx_word' id='word_1_225' title='bbox 678 2434 780 2485; x_wconf 86' lang='lat' dir='ltr'>dux,</span> <span class='ocrx_word' id='word_1_226' title='bbox 814 2434 1056 2476; x_wconf 88' lang='lat' dir='ltr'>Fridcricum</span> <span class='ocrx_word' id='word_1_227' title='bbox 1078 2434 1332 2475; x_wconf 87' lang='lat' dir='ltr'>Austriacum</span> <span class='ocrx_word' id='word_1_228' title='bbox 1358 2433 1577 2483; x_wconf 83' lang='lat' dir='ltr'>debellavit,</span> 
     </span>
     <span class='ocr_line' id='line_1_28' title="bbox 83 2516 1580 2575; baseline 0.001 -18"><span class='ocrx_word' id='word_1_229' title='bbox 83 2518 211 2558; x_wconf 84' lang='lat' dir='ltr'>victor</span> <span class='ocrx_word' id='word_1_230' title='bbox 233 2519 426 2559; x_wconf 77' lang='lat' dir='ltr'>exercitus</span> <span class='ocrx_word' id='word_1_231' title='bbox 449 2517 546 2559; x_wconf 90' lang='lat' dir='ltr'>nihil</span> <span class='ocrx_word' id='word_1_232' title='bbox 567 2532 638 2574; x_wconf 92' lang='lat' dir='ltr'>per</span> <span class='ocrx_word' id='word_1_233' title='bbox 658 2533 784 2575; x_wconf 80' lang='lat' dir='ltr'>pagos</span> <span class='ocrx_word' id='word_1_234' title='bbox 808 2532 999 2575; x_wconf 86' lang='lat' dir='ltr'>quaerens</span> <span class='ocrx_word' id='word_1_235' title='bbox 1021 2533 1095 2573; x_wconf 89' lang='lat' dir='ltr'>pro</span> <span class='ocrx_word' id='word_1_236' title='bbox 1119 2516 1205 2559; x_wconf 91' lang='lat' dir='ltr'>cibo</span> <span class='ocrx_word' id='word_1_237' title='bbox 1230 2519 1401 2558; x_wconf 82' lang='lat' dir='ltr'>invenire</span> <span class='ocrx_word' id='word_1_238' title='bbox 1423 2525 1580 2573; x_wconf 87' lang='lat' dir='ltr'>poterat</span> 
     </span>
     <span class='ocr_line' id='line_1_29' title="bbox 83 2600 1578 2658; baseline 0 -17"><span class='ocrx_word' id='word_1_239' title='bbox 83 2608 237 2656; x_wconf 84' lang='lat' dir='ltr'>practer</span> <span class='ocrx_word' id='word_1_240' title='bbox 268 2601 500 2658; x_wconf 80' lang='lat' dir='ltr'>gallinarum</span> <span class='ocrx_word' id='word_1_241' title='bbox 534 2617 621 2643; x_wconf 92' lang='lat' dir='ltr'>ova.</span> <span class='ocrx_word' id='word_1_242' title='bbox 671 2602 757 2643; x_wconf 83' lang='lat' dir='ltr'>Jam</span> <span class='ocrx_word' id='word_1_243' title='bbox 783 2616 875 2643; x_wconf 86' lang='lat' dir='ltr'>vero</span> <span class='ocrx_word' id='word_1_244' title='bbox 900 2600 1325 2658; x_wconf 68' lang='lat' dir='ltr'>Sehwcppemmnnus,</span> <span class='ocrx_word' id='word_1_245' title='bbox 1361 2600 1578 2657; x_wconf 82' lang='lat' dir='ltr'>praefectus</span> 
     </span>
     <span class='ocr_line' id='line_1_30' title="bbox 85 2684 1579 2742; baseline 0.001 -18"><span class='ocrx_word' id='word_1_246' title='bbox 85 2684 262 2733; x_wconf 84' lang='lat' dir='ltr'>militum,</span> <span class='ocrx_word' id='word_1_247' title='bbox 297 2687 364 2741; x_wconf 88' lang='lat' dir='ltr'>qui</span> <span class='ocrx_word' id='word_1_248' title='bbox 397 2700 569 2742; x_wconf 78' lang='lat' dir='ltr'>pugnam</span> <span class='ocrx_word' id='word_1_249' title='bbox 593 2685 944 2734; x_wconf 85' lang='lat' dir='ltr'>administraverat,</span> <span class='ocrx_word' id='word_1_250' title='bbox 980 2687 1154 2726; x_wconf 88' lang='lat' dir='ltr'>omnium</span> <span class='ocrx_word' id='word_1_251' title='bbox 1177 2699 1371 2726; x_wconf 87' lang='lat' dir='ltr'>consensu</span> <span class='ocrx_word' id='word_1_252' title='bbox 1394 2700 1476 2726; x_wconf 84' lang='lat' dir='ltr'>sese</span> <span class='ocrx_word' id='word_1_253' title='bbox 1499 2684 1579 2725; x_wconf 89' lang='lat' dir='ltr'>sor-</span> 
     </span>
     <span class='ocr_line' id='line_1_31' title="bbox 85 2767 1579 2825; baseline 0 -17"><span class='ocrx_word' id='word_1_254' title='bbox 85 2769 278 2809; x_wconf 90' lang='lat' dir='ltr'>tissimum</span> <span class='ocrx_word' id='word_1_255' title='bbox 310 2767 558 2824; x_wconf 88' lang='lat' dir='ltr'>praebuerat.</span> <span class='ocrx_word' id='word_1_256' title='bbox 624 2768 754 2823; x_wconf 83' lang='lat' dir='ltr'>Quum</span> <span class='ocrx_word' id='word_1_257' title='bbox 795 2770 915 2825; x_wconf 80' lang='lat' dir='ltr'>igitur</span> <span class='ocrx_word' id='word_1_258' title='bbox 946 2767 1174 2810; x_wconf 87' lang='lat' dir='ltr'>Ludovieus</span> <span class='ocrx_word' id='word_1_259' title='bbox 1206 2768 1422 2825; x_wconf 85' lang='lat' dir='ltr'>Imperator</span> <span class='ocrx_word' id='word_1_260' title='bbox 1462 2770 1579 2809; x_wconf 80' lang='lat' dir='ltr'>resci-</span> 
     </span>
     <span class='ocr_line' id='line_1_32' title="bbox 85 2850 1576 2909; baseline 0.001 -18"><span class='ocrx_word' id='word_1_261' title='bbox 85 2852 206 2892; x_wconf 86' lang='lat' dir='ltr'>visset</span> <span class='ocrx_word' id='word_1_262' title='bbox 236 2850 333 2892; x_wconf 89' lang='lat' dir='ltr'>nihil</span> <span class='ocrx_word' id='word_1_263' title='bbox 366 2866 450 2893; x_wconf 89' lang='lat' dir='ltr'>scse</span> <span class='ocrx_word' id='word_1_264' title='bbox 480 2853 555 2893; x_wconf 83' lang='lat' dir='ltr'>nisi</span> <span class='ocrx_word' id='word_1_265' title='bbox 588 2867 663 2893; x_wconf 88' lang='lat' dir='ltr'>ova</span> <span class='ocrx_word' id='word_1_266' title='bbox 688 2868 761 2909; x_wconf 88' lang='lat' dir='ltr'>pro</span> <span class='ocrx_word' id='word_1_267' title='bbox 786 2860 1003 2893; x_wconf 88' lang='lat' dir='ltr'>commeatu</span> <span class='ocrx_word' id='word_1_268' title='bbox 1035 2851 1276 2902; x_wconf 83' lang='lat' dir='ltr'>habiturum,</span> <span class='ocrx_word' id='word_1_269' title='bbox 1310 2854 1374 2902; x_wconf 90' lang='lat' dir='ltr'>ita,</span> <span class='ocrx_word' id='word_1_270' title='bbox 1408 2851 1576 2893; x_wconf 88' lang='lat' dir='ltr'>barbaro</span> 
     </span>
    </p>
   </div>
   <div class='ocr_carea' id='block_1_6' title="bbox 87 2933 1502 2989">
    <p class='ocr_par' dir='ltr' id='par_1_8' title="bbox 87 2933 1502 2989">
     <span class='ocr_line' id='line_1_33' title="bbox 87 2933 1502 2989; baseline 0.001 -14"><span class='ocrx_word' id='word_1_271' title='bbox 87 2933 257 2989; x_wconf 83' lang='lat' dir='ltr'>quodam</span> <span class='ocrx_word' id='word_1_272' title='bbox 289 2949 453 2977; x_wconf 87' lang='lat' dir='ltr'>numero</span> <span class='ocrx_word' id='word_1_273' title='bbox 485 2949 596 2986; x_wconf 86' lang='lat' dir='ltr'>usus,</span> <span class='ocrx_word' id='word_1_274' title='bbox 630 2936 902 2979; x_wconf 86' lang='lat' dir='ltr'>alimentorum</span> <span class='ocrx_word' id='word_1_275' title='bbox 937 2935 1255 2980; x_wconf 87' lang='lat' dir='ltr'>distributionem</span> <span class='ocrx_word' id='word_1_276' title='bbox 1287 2935 1502 2978; x_wconf 80' lang='lat' dir='ltr'>ordinavit:</span> 
     </span>
    </p>
   </div>
  </div>
 </body>
</html>
