1867 3301
841 205 933 251 105

137 346 328 390 <bastinae
352 343 497 415 (ΡἻᾎ)
531 346 709 402 idemque
737 361 808 387 rcx
828 347 952 387 Pacis
976 330 1161 415 (013714'2)
1185 357 1304 397 esset,
1340 348 1459 391 fuisse
1483 348 1630 392 Christi

136 433 259 488 ipsius
302 410 467 487 mystico
501 429 673 487 quodam
711 445 829 472 sensu
862 439 1168 481 antecessorem,
1211 440 1248 473 et
1279 440 1474 488 spectasse
1506 433 1555 474 ad
1587 449 1629 475 ca

137 524 332 570 tempora,
375 514 518 571 quibus
550 513 720 555 εῙτιειῖἰίίἰι
759 523 796 555 ct
826 515 922 556 ‚l’acv
962 530 1001 556 se
1042 518 1205 557 invicem
1239 516 1487 572 amplexurae
1520 526 1630 560 crant

137 596 217 651 (Ps.
242 598 446 658 LXXXV,
475 595 558 650 11).
624 598 708 639 Hoc
748 613 866 640 sensu
900 598 1090 649 Shemns,
1134 608 1179 641 ut
1218 602 1279 640 cui
1320 608 1397 641 tam
1438 600 1627 642 excellens

134 681 352 723 benedictio
389 681 616 738 obtigisset,
650 697 731 723 non
763 682 879 739 longe
912 682 959 723 ab
993 683 1128 724 codem
1162 683 1342 741 symbolo
1376 683 1625 735 abhorrebat,

135 774 171 805 et
211 780 283 805 sua
315 779 485 821 persona
519 765 848 822 complectebatur
881 774 1090 808 venturum
1122 768 1230 809 illum
1262 767 1452 811 chscz'tiae
1483 769 1625 811 Pacis-

133 863 207 907 que
240 849 528 891 conciliatorem
562 857 600 891 et
632 858 891 908 sequestrum.

459 1057 514 1102 IN
552 1056 948 1104 FRAGMENTUM
987 1057 1301 1105 SECUNDUM.

250 1184 526 1227 Venerandum
551 1185 685 1227 Shemi
717 1201 860 1228 nomen
893 1201 915 1227 a
946 1188 1073 1243 primo
1106 1187 1156 1229 ad
1178 1188 1391 1231 secundum
1413 1189 1444 1230 F
1447 1204 1624 1247 ragmen-

130 1278 210 1311 tum
254 1271 460 1310 transitum
493 1269 708 1326 praebebit.
772 1270 870 1312 Nam
904 1273 935 1312 si
969 1286 1018 1312 ex
1050 1272 1290 1329 etymologia
1322 1276 1429 1315 vocis
1463 1284 1624 1331 apparet

128 1368 270 1395 nomen
291 1352 428 1396 Habel
459 1354 507 1395 ad
538 1356 703 1410 primam
735 1357 928 1396 nascentis
963 1353 1176 1396 Semitismi
1196 1355 1408 1398 Ecclesiam
1433 1367 1620 1414 spectare,

128 1437 177 1479 ad
208 1437 359 1479 fidelem
390 1438 498 1479 illum
520 1437 737 1480 Abrahami
769 1448 942 1489 coetum,
979 1441 1045 1495 qui
1069 1441 1219 1495 primus
1242 1440 1428 1483 sacrificia
1448 1440 1622 1485 Jehovae

126 1530 237 1578 grata
269 1530 306 1563 et
337 1531 494 1580 accepta
526 1521 690 1571 obtulit,
726 1522 774 1563 ad
806 1524 916 1564 initia
946 1522 1050 1564 illius
1081 1526 1229 1580 gentis,
1264 1538 1380 1580 quam
1409 1524 1516 1567 Deus
1547 1526 1622 1568 sibi

126 1614 310 1662 tanquam
332 1608 535 1663 propriam
558 1605 789 1656 vindicavit,
818 1614 973 1648 constat
993 1622 1074 1648 non
1095 1606 1311 1657 Adamum,
1339 1624 1360 1649 a
1382 1623 1461 1666 quo
1486 1625 1619 1653 omnes

125 1691 302 1730 nationes
343 1691 533 1747 originem
573 1705 683 1731 suam
722 1699 949 1740 traxerunt,
991 1690 1059 1732 sed
1098 1690 1306 1742 Shemum,
1348 1695 1416 1749 qui
1456 1703 1621 1737 vocatur

126 1776 305 1830 »genitor
345 1776 519 1815 omnium
558 1774 728 1816 filiorum
760 1773 916 1816 Heher«
951 1771 1064 1828 (Gen.
1087 1775 1146 1826 X,
1171 1773 1265 1829 21),
1307 1785 1456 1832 patrem
1498 1777 1619 1821 fuisse

123 1856 272 1899 Habeli.
336 1856 416 1899 Nec
456 1857 609 1900 difficile
650 1867 708 1900 est
744 1859 958 1914 explicare,
1001 1873 1070 1900 cur
1102 1860 1178 1901 hoc
1210 1875 1352 1902 nomen
1384 1863 1486 1903 inter
1516 1861 1617 1905 filios

122 1940 264 1982 Adami
304 1942 574 1983 intercalatum
613 1944 674 1983 sit.
739 1942 898 1983 Plenior
939 1942 1270 2000 πρωτοπάτορος
1308 1945 1537 2002 genealogia
1578 1948 1618 1987 in

123 2027 245 2081 capite
268 2025 318 2066 V.
353 2025 605 2075 describitur,
640 2025 708 2067 ubi
740 2025 957 2068 Lamechus
989 2041 1059 2082 per
1091 2025 1257 2068 Sethum
1290 2026 1337 2068 ab
1360 2027 1514 2070 Adamo
1550 2029 1617 2071 de-

122 2111 284 2150 rivatur.
349 2109 390 2150 In
436 2111 569 2165 priore
617 2117 746 2151 autem
794 2111 918 2166 capite
962 2109 1062 2151 idem
1103 2109 1319 2152 Lamechus
1359 2113 1459 2154 inter
1502 2113 1616 2168 Qaini

120 2201 302 2248 posteros
335 2201 569 2242 recensetur,
604 2195 714 2249 quia,
751 2201 794 2234 ut
823 2192 992 2243 ,videtum
1026 2192 1146 2235 verba
1170 2195 1381 2238 cantilenae
1405 2196 1521 2247 illius,
1557 2200 1615 2240 in-

121 2276 306 2317 solentiae
339 2285 377 2318 et
407 2277 568 2317 ultionis
600 2277 842 2333 plenissima,
878 2292 963 2318 cum
991 2277 1103 2332 Qaini
1136 2277 1306 2322 facinore
1340 2283 1613 2337 cognationem

120 2360 287 2417 aliquam
328 2358 535 2401 habebant.
601 2358 697 2403 Utut
736 2361 830 2403 haec
867 2376 907 2402 se
939 2376 1000 2403 res
1033 2361 1234 2413 habuerit,
1276 2371 1423 2405 certum
1456 2373 1515 2406 est
1546 2374 1615 2407 aut

118 2446 289 2500 priorem
330 2452 398 2485 aut
439 2444 595 2485 alteram
634 2445 902 2502 genealogiam
944 2445 1079 2487 salsam
1116 2461 1199 2487 esse
1233 2455 1271 2488 et
1303 2449 1609 2503 supposititiam.

118 2527 168 2569 Et
199 2542 319 2584 quum
363 2528 492 2569 decem
524 2530 684 2569 nomina
715 2531 755 2569 in
786 2532 1007 2586 posteriore
1040 2530 1239 2587 catalogo,
1283 2533 1454 2572 numeris
1488 2547 1611 2574 anno-

117 2625 203 2652 rum
237 2613 440 2667 appositis,
475 2620 646 2668 systema
678 2612 876 2669 quoddam
900 2613 1144 2670 confingant,
1178 2615 1290 2670 prior
1312 2623 1440 2656 autem
1464 2624 1611 2673 septem

117 2696 318 2735 nominum
350 2697 467 2737 variis
501 2696 808 2753 orthographiae
848 2697 1007 2738 maculis
1040 2698 1287 2753 inquinetur,
1330 2700 1398 2740 vix
1432 2698 1610 2742 dubitare

116 2792 329 2834 possumus
362 2780 457 2834 quin
496 2779 590 2821 haec
629 2782 746 2822 series
779 2782 902 2822 serius
936 2781 1099 2822 conficta
1133 2783 1202 2830 sit,
1245 2789 1409 2838 propter
1441 2785 1608 2824 necessi-

117 2869 232 2902 tatem
265 2861 432 2917 aliquam
462 2862 643 2904 Lamechi
675 2878 761 2905 cum
796 2864 920 2918 Qaino
955 2859 1232 2921 conjungendi.
1295 2864 1399 2906 Satis
1426 2867 1507 2922 jam
1542 2866 1608 2907 de-

115 2947 350 2987 monstravit
370 2944 560 2989 Henricus
582 2946 723 2989 Ewald
745 2945 904 3001 (Gesch.
928 2947 1124 2991 d.Volkes
1144 2949 1262 2992 Israel
1283 2949 1310 2991 Ι.
1333 2965 1373 3005 p.
1393 2948 1480 2992 308
1502 2946 1606 3006 sqq.)
