1867 3301
704 194 915 267 „t-EQQ.

96 341 320 383 narratione
354 335 403 392 (1⁴
419 336 525 381 Sam.
549 334 676 391 XVII)
700 336 842 378 vividis
878 335 1076 378 coloribus
1101 335 1380 393 depinguntur,
1416 336 1465 378 ad
1491 337 1593 378 litte-

95 439 178 467 ram
211 421 434 480 accipienda
465 424 555 471 sint,
589 423 735 462 neseio.
791 420 899 474 Quae
932 419 978 461 de
1011 428 1162 461 statura
1194 419 1396 462 Philistaei
1428 420 1593 463 tradun-

96 518 180 559 tur,
224 522 267 550 ea
305 522 385 549 non
424 521 494 563 per
527 520 567 547 se
606 503 848 547 incredibilia
879 512 993 555 sunt;
1034 519 1122 546 nam
1155 504 1281 560 major
1313 504 1474 546 humani
1508 519 1593 547 cor-

94 595 205 651 poris
238 589 456 649 amplitudo
489 591 585 646 ipsis
625 589 814 646 relliquiis
855 587 1065 645 aliquando
1108 587 1364 645 comprobata
1396 597 1454 631 est
1487 585 1592 641 (vide

94 676 243 719 Herod.
271 676 306 726 I,
338 672 418 725 683
457 673 557 716 Plin.
581 672 630 715 H.
660 672 709 714 N.
737 672 826 723 VII,
863 671 936 723 163
976 672 1102 714 Asiat.
1133 672 1274 714 Journ.
1307 671 1410 714 Nov.
1447 670 1590 727 1838).

94 760 175 804 Nee
204 766 481 818 propugnator
501 758 634 814 regius
666 744 962 813 procerissimae
996 765 1168 799 staturae
1200 758 1282 798 sine
1309 757 1488 813 exemplo
1512 765 1590 808 est3

94 860 183 888 nam
215 846 248 886 si
281 844 491 901 accipimus
522 840 750 898 palmariam
782 839 884 882 illam
918 839 961 883 C.
988 839 1034 883 O.
1056 840 1236 883 Muelleri
1269 839 1590 892 emendationem,

94 927 380 977 Antimenidas,
414 926 549 968 Alcaei
579 933 719 983 poetae
751 924 882 975 frater,
916 923 1149 982 Babyloniis
1184 924 1404 982 opitulans‚
1441 927 1592 982 regium

94 1020 433 1071 propugnatorem
464 1008 667 1060 interfecit,
702 1011 814 1066 eujus
847 1017 997 1051 statura
1026 1024 1147 1066 paene
1171 1010 1345 1066 quinque
1368 1008 1592 1050 cubitorum

95 1105 198 1148 erat3
242 1095 432 1138 Alcaeum
471 1096 571 1136 enim
612 1095 667 1135 sic
708 1095 911 1150 scripsisse
956 1102 1120 1150 apparet
1160 1091 1285 1150 (apud
1326 1091 1458 1136 Strab.
1489 1092 1589 1144 XIII,

93 1196 133 1239 p.
157 1179 241 1224 617
268 1179 320 1232 C3
352 1179 508 1228 Miiller,
541 1177 683 1219 Rhein.
707 1177 812 1220 Mus.
836 1178 863 1228 I,
887 1193 926 1235 p.
951 1173 1075 1230 290):

439 1276 614 1323 κτέννας
646 1272 787 1327 ἄνδρα
817 1269 1018 1327 μαχατὰν
1048 1271 1273 1328 βασιλήϊον

439 1341 683 1388 παλαιστοὲν
713 1343 1007 1386 ἀπολείποντα
1037 1343 1173 1398 μόνον
1203 1346 1307 1398 μίαν

438 1414 614 1471 ποῖχεων
645 1412 730 1459 ἀπὸ
764 1419 957 1471 πέμπων.

210 1515 291 1559 Nec
322 1516 533 1558 historicae
556 1514 813 1559 Goliathanae
837 1512 964 1555 caedis
987 1514 1142 1555 veritati
1170 1511 1303 1563 officit,
1326 1512 1448 1570 quod
1470 1514 1592 1556 multa

93 1601 274 1643 sabulosa
304 1602 345 1642 in
377 1601 470 1642 alias
503 1599 698 1657 ejusmodi
729 1599 975 1640 narrationes
1007 1599 1255 1654 irrepserint,
1290 1605 1336 1639 ut
1364 1599 1404 1639 in
1427 1597 1592 1640 confusa

92 1686 157 1728 illa
185 1700 410 1743 pugnarum
441 1699 567 1741 prope
602 1682 753 1726 Gobam
788 1682 1074 1739 descriptione,
1106 1680 1177 1723 ubi
1208 1683 1269 1723 vir
1300 1683 1478 1724 immanis
1512 1691 1591 1725 sta-

91 1779 203 1812 turae
249 1769 450 1811 inducitur
490 1783 606 1810 senos
653 1769 693 1808 in
738 1766 920 1808 manibus
968 1775 1005 1808 et
1045 1764 1214 1823 pedibus
1256 1764 1401 1822 digitos
1440 1765 1589 1809 habens

93 1851 137 1908 (2
167 1853 273 1896 Sam.
303 1852 420 1903 XXI,
453 1849 539 1906 20).
601 1850 650 1893 Ut
681 1866 802 1907 supra
834 1850 1071 1908 significavi,
1104 1850 1322 1900 Israelitae‚
1363 1865 1505 1907 quum,
1545 1860 1592 1893 ut

93 1939 208 1979 ceteri
228 1935 407 1978 Arabum
438 1935 652 1977 nomadum
684 1935 843 1992 populi,
876 1934 986 1976 haud
1006 1937 1060 1977 ita
1081 1949 1246 1992 procera
1273 1943 1425 1976 statura
1446 1944 1588 1986 essent,

91 2020 322 2080 grandiores
355 2034 521 2077 corpore
546 2018 781 2062 Canaanitas
814 2021 868 2060 ita
900 2018 1178 2076 suspiciebant,
1211 2028 1257 2061 ut
1284 2021 1414 2061 omnia
1434 2021 1474 2061 in
1494 2035 1590 2077 por-

92 2114 198 2148 tenta
236 2112 437 2163 augerent.
491 2104 548 2145 Ita
590 2111 842 2153 mercatores,
886 2105 954 2160 qui
992 2105 1110 2160 primi
1148 2103 1407 2161 Patagoniam
1445 2106 1590 2146 invise-

91 2189 208 2240 bant,
251 2190 434 2230 nuntium
477 2187 523 2229 de
563 2187 778 2229 incolarum
817 2195 968 2229 statura
998 2187 1274 2244 reportabant,
1317 2204 1432 2246 quem
1465 2191 1590 2231 serior

92 2282 209 2331 atque
243 2274 462 2314 accuratior
485 2271 709 2314 observatio
743 2270 883 2313 falsum
905 2270 1026 2313 fuisse
1050 2271 1346 2315 demonstravit.
1389 2273 1588 2327 Quantum

90 2357 285 2400 Israelitae
327 2358 470 2399 eximio
504 2358 682 2414 corporis
715 2355 868 2397 habitui
906 2355 1142 2408 tribuerent,
1188 2356 1383 2399 discamus
1419 2358 1508 2400 licet
1539 2373 1587 2400 ex

93 2457 136 2484 ea
168 2442 443 2483 acclamatione
476 2456 554 2499 qua
576 2440 740 2484 Saulum
772 2439 1087 2498 alloquebantur,
1121 2455 1243 2498 quum
1266 2449 1372 2483 stans
1400 2443 1441 2483 in
1461 2441 1588 2484 media

93 2527 279 2567 concione
313 2541 446 2568 omnes
479 2526 652 2567 humeris
685 2525 1001 2584 supereminebat
1033 2522 1073 2579 (1
1101 2524 1206 2567 Sam.
1229 2525 1288 2576 X,
1315 2524 1383 2575 23,
1409 2523 1496 2580 24).
1536 2527 1588 2569 Et

93 2609 414 2667 quandoquidem
446 2609 655 2653 Goliathus
686 2619 782 2668 post
810 2618 976 2652 mortem
1009 2608 1267 2651 obtruncatus
1299 2611 1339 2651 in
1373 2619 1587 2668 conspeetu

93 2696 267 2736 omnium
294 2693 461 2751 jacebat,
498 2694 583 2736 fieri
615 2696 685 2737 vix
715 2703 869 2752 potest,
903 2702 949 2735 ut
978 2708 1162 2735 mensura
1193 2693 1278 2743 illa,
1313 2707 1413 2751 quae
1445 2704 1583 2737 exacto

91 2793 254 2820 numero
295 2777 484 2829 traditur,
526 2793 576 2820 ex
609 2794 707 2837 vaga
746 2778 1045 2836 amplificatione
1082 2777 1337 2835 profluxerit,
1378 2781 1452 2820 nisi
1483 2778 1584 2820 forte

92 2862 503 2920 septuagintaviralem
534 2865 753 2905 versionem
785 2865 894 2920 sequi
926 2865 1070 2913 mavis,
1111 2848 1213 2920 'quae
1253 2853 1452 2922 pro'w'tg?
1491 2863 1584 2919 legit

92 2945 327 3002 τεσσάρων,
369 2946 542 2988 confusis
584 2946 729 2989 scilicet
767 2947 906 2988 litteris
946 2951 964 2995 Ἰ
995 2955 1032 2989 ct
1063 2952 1093 2993 Ἷ
1133 2944 1181 3001 (1
1216 2945 1321 2989 Sam.
1353 2946 1484 2996 XVII,
1515 2943 1578 3001 4).
