1867 3301
975 202 1003 248 2

244 354 323 381 non
365 342 458 381 satis
499 342 678 382 instructi
718 339 834 382 bonis
873 341 1031 391 litteris,
1073 343 1139 397 qui
1177 341 1239 383 illa
1274 340 1457 384 Osiandri
1489 342 1730 399 aliorumque

245 433 460 465 commenta
494 439 602 465 caeca
627 426 874 465 veneratione
899 426 1086 474 retinent,
1122 426 1188 481 qui
1212 424 1257 466 dc
1281 423 1580 467 Christianismo
1605 435 1731 467 actum

243 509 288 548 iri
322 509 558 557 exclamant,
594 509 626 548 si
660 509 747 563 quis
779 515 943 563 propter
973 509 1225 549 recentiorem
1258 511 1455 550 scientiam
1478 508 1732 550 Pentateuchi

243 594 513 633 auctoritatem
546 593 583 631 111
616 590 733 631 rebus
765 591 978 647 geologicis
1011 592 1268 641 imminuerit,
1304 594 1370 648 qui
1396 592 1509 648 plane
1531 591 1731 634 cerebrum

243 674 317 715 sihi
358 676 488 715 excuti
528 682 690 730 putant,
735 676 766 714 si
809 676 896 730 quis
934 689 1038 714 nova
1068 676 1387 730 interpretatione
1420 684 1594 716 veterum
1627 690 1732 717 com-

241 766 504 798 mentatorum
536 756 748 797 luminibus
783 756 964 798 offecerit.
1018 756 1135 810 Quod
1167 760 1198 798 si
1232 758 1304 799 hos
1337 758 1513 800 homines
1546 760 1732 815 praeteri-

241 856 328 882 mus
358 864 402 870 —2
430 855 554 897 neque
588 843 688 881 enim
722 842 821 881 seria
853 842 1188 896 argumentatione
1221 841 1328 898 digni
1360 850 1471 891 sunt,
1506 841 1573 883 sed
1597 843 1730 897 potius

241 924 431 966 referendi
465 924 514 964 ad
546 924 732 980 puerilem
765 924 867 964 illam
902 923 1144 979 disciplinam
1177 927 1237 965 cui
1264 926 1377 965 nimis
1404 933 1552 965 mature
1575 940 1614 966 se
1637 923 1731 965 sub-

243 1008 443 1049 duxerunt
469 1033 516 1038 —
543 1009 573 1047 si
608 1009 728 1064 igitur
759 1007 833 1047 hos
868 1009 1104 1057 omittimus,
1140 1022 1272 1048 omncs
1304 1007 1524 1063 relligiosos
1557 1016 1595 1048 et
1615 1021 1730 1047 sanae

242 1093 379 1132 mentis
405 1089 651 1131 Christianos
685 1092 723 1131 in
756 1105 801 1131 00
837 1092 1122 1131 consentientes
1151 1091 1407 1146 reperiemus,
1443 1090 1551 1146 quod
1574 1089 1729 1131 Sacram

243 1173 486 1231 Scripturain
518 1189 590 1228 pro
616 1173 688 1214 Dei
720 1173 840 1214 verbo
875 1172 1093 1214 habendam
1126 1181 1346 1223 autument,
1380 1188 1460 1214 non
1492 1173 1634 1214 carnali
1664 1181 1732 1214 aut

240 1257 463 1297 mechanica
510 1259 679 1305 ratione,
732 1258 843 1312 quasi
883 1271 998 1297 voees
1044 1264 1112 1296 aut
1157 1256 1303 1298 litteras
1344 1257 1501 1297 caelitus
1543 1256 1729 1297 oriundas

242 1340 463 1389 exhiheret,
506 1339 574 1381 sed
607 1342 719 1396 quia,
761 1348 941 1396 respectu
973 1338 1108 1380 habito
1142 1338 1192 1379 ad
1221 1338 1412 1380 librorum
1443 1348 1727 1396 argumentum,

243 1433 433 1465 concentu
467 1423 637 1480 quodam
670 1438 742 1464 suo
767 1423 954 1463 inclusam
978 1424 1175 1463 contineat
1197 1422 1349 1464 divinae
1372 1423 1586 1464 voluntatis
1609 1425 1730 1480 signi-

240 1508 481 1557 ficationemg
516 1509 605 1564 quia
638 1506 932 1556 revelationem,
968 1521 989 1546 a
1020 1506 1104 1547 Deo
1138 1508 1224 1562 ipso
1259 1508 1547 1563 consignatam,
1580 1513 1728 1562 poten-

242 1590 410 1643 tialiter,
453 1598 498 1630 ut
530 1590 751 1630 scholastici
783 1591 910 1639 aiunt,
950 1590 1119 1646 implicet
1150 1598 1266 1646 atque
1297 1590 1485 1631 involvat.
1546 1590 1635 1646 Ipsa
1666 1590 1728 1631 illa

241 1674 388 1715 locutio
422 1672 711 1720 θεόπνευστος
740 1668 883 1728 γραφὴ
918 1673 1068 1713 nullum
1101 1687 1257 1714 sensum
1289 1672 1432 1714 hahere
1462 1681 1615 1729 potest,
1654 1674 1728 1713 nisi

242 1757 291 1798 ad
330 1765 603 1813 argumentum
643 1758 858 1812 scripturae
897 1757 1031 1812 potius
1075 1770 1191 1812 quam
1231 1756 1281 1797 ad
1312 1755 1472 1797 modum
1505 1757 1727 1812 scriptionis

241 1840 443 1881 reseratur.
507 1840 657 1880 Liceret
696 1842 832 1895 utiquc
873 1839 919 1880 de
956 1838 1214 1895 scriptoribus
1245 1838 1552 1887 θεοπνεύστοις
1589 1838 1725 1888 dicere,

241 1926 342 1964 sicut
362 1924 525 1980 legimus
549 1920 596 1976 (II
612 1923 694 1964 Pet.
714 1923 756 1972 II,
781 1920 866 1975 21),
892 1924 1059 1978 »spiritu
1082 1931 1215 1963 sancto
1238 1922 1428 1978 impulsos
1446 1922 1553 1978 loqui
1571 1929 1727 1962 sanctos

241 2008 312 2048 Dei
348 2007 568 2047 homines«
618 2006 789 2061 Scriptio
827 2014 955 2047 autem
988 2008 1191 2062 quaepiam
1225 2005 1332 2046 nullo
1364 2014 1480 2062 paeto
1514 2004 1728 2046 θεόπνευ-

242 2101 337 2139 στος
367 2091 552 2147 appellari
584 2098 735 2146 potest,
769 2091 844 2130 nisi
877 2091 906 2130 si
940 2091 1227 2144 respexerimus
1260 2088 1308 2129 ad
1340 2088 1437 2129 illud
1467 2088 1539 2130 Dei
1570 2088 1727 2129 effatum

241 2174 350 2230 quod
391 2175 550 2229 scriptio
591 2174 664 2213 ista
704 2172 872 2214 declarat
903 2181 940 2214 et
971 2174 1155 2213 continet.
1217 2170 1324 2213 Nihil
1356 2171 1463 2212 aliud
1494 2171 1726 2213 credendum

241 2265 371 2298 censet
400 2257 571 2297 Ecclesia
608 2263 745 2296 nostra
774 2255 1011 2311 Anglicana,
1054 2270 1152 2311 quae
1185 2270 1306 2312 quum
1337 2269 1385 2295 ne
1416 2253 1537 2296 verbo
1570 2254 1725 2310 quidem

239 2348 354 2381 tenus
403 2339 448 2380 de
494 2340 750 2395 inspiratione
771 2334 797 2391 ¹)
841 2338 970 2394 aliqua
1014 2340 1242 2379 sententiam
1281 2337 1507 2393 protulerit,
1554 2339 1725 2393 praecise

341 2473 365 2515 ¹)
399 2471 549 2506 Ecclesia
575 2471 758 2518 Anglicana
791 2483 858 2505 non
893 2470 990 2505 aliter
1022 2470 1157 2505 adhibet
1182 2469 1385 2505 vocabulum
1415 2470 1723 2516 »inspirationem«,

242 2548 341 2582 quam
376 2537 416 2570 ad
450 2536 538 2570 illam
575 2537 853 2571 illuminationem
888 2536 1138 2582 significandam
1171 2547 1235 2581 qua
1262 2535 1405 2569 Sanctus
1434 2535 1580 2580 Spiritus
1607 2537 1724 2582 singu-

239 2601 349 2635 lorum
378 2601 647 2636 Christianorum
675 2608 803 2637 mentes
830 2601 998 2635 informat.
1048 2601 1115 2636 Nec
1141 2602 1204 2635 ista
1230 2612 1297 2635 vox
1323 2599 1419 2633 aliam
1447 2600 1723 2646 significationem

240 2667 340 2700 habet
372 2668 403 2700 in
431 2667 570 2713 Anglica
596 2669 752 2702 versione
778 2667 857 2702 Jobi
878 2666 1037 2707 XXXII,
1061 2665 1093 2700 8.
1145 2666 1296 2700 Occurrit
1322 2672 1431 2700 tamen
1458 2666 1571 2700 eadem
1597 2677 1666 2700 vox
1691 2667 1723 2700 111

240 2733 396 2765 versione
422 2731 443 2766 2
470 2733 560 2766 Tim.
587 2732 656 2774 111,
684 2731 755 2774 16„
790 2732 845 2765 ubi
874 2731 1001 2765 fallitur
1027 2733 1189 2777 interpres
1216 2737 1340 2765 noster.
1390 2731 1473 2765 Nam
1500 2731 1726 2769 θεόπνευστος

240 2797 285 2830 ibi
321 2803 372 2830 est
405 2796 593 2842 epitheton,
637 2797 812 2843 ὠφέλιμος
843 2802 951 2831 autem
984 2796 1209 2841 praedicatum
1244 2797 1438 2830 sententiae.
1488 2796 1603 2841 Neque
1636 2796 1720 2829 enim

239 2859 361 2908 γραφὴ
388 2874 445 2907 per
471 2873 506 2895 se
533 2864 696 2895 Sacram
723 2862 928 2907 Scripturam
957 2860 1111 2903 denotat,
1144 2872 1204 2895 nec
1227 2861 1321 2895 πᾶσα
1345 2858 1468 2907 γραφὴ
1494 2862 1513 2895 i.
1541 2873 1568 2895 e.
1596 2859 1722 2906 qualis-

241 2938 372 2972 cunque
406 2927 561 2972 scriptio,
595 2932 646 2960 est
677 2927 911 2965 θεόπνευστος.
961 2926 1136 2961 Praeterea
1161 2925 1231 2971 jam
1259 2931 1353 2960 antea
1379 2925 1508 2961 dixerat
1533 2924 1579 2970 (v.
1600 2923 1658 2969 15)
1683 2921 1723 2959 τὰ
