1867 3301
952 201 1011 250 12

238 339 356 397 ἡμῶν
376 338 513 396 Ἰησοῦ
550 343 752 396 Χριστοῦ.
825 339 901 395 Qui
944 343 998 383 ita
1039 341 1084 381 de
1125 342 1314 398 apostolis
1354 343 1609 400 loquebatur,
1655 347 1722 402 qui

237 426 400 467 lectores
440 439 533 466 suos
574 424 757 466 admonet
797 433 840 465 ut
871 438 1006 465 eorum
1039 423 1176 474 verba,
1217 433 1402 482 tanquam
1434 427 1632 483 praedicta
1661 428 1722 470 vel

239 518 350 550 antea
390 508 491 549 dicta
530 509 815 556 meminissent,
866 508 897 547 is
931 507 1013 562 jam
1052 520 1177 563 neque
1217 507 1437 564 Apostolus
1477 519 1560 551 erat
1596 524 1722 566 neque

238 592 524 650 Apostolorum
566 590 750 647 aequalis.
814 589 954 632 Utrum
994 591 1115 646 igitur
1146 605 1280 632 verum
1321 600 1379 632 est
1418 606 1466 632 an
1501 606 1582 632 non
1615 590 1723 647 quod

237 675 286 717 ΙΙ.
322 674 483 717 Grotius
524 672 725 722 censebat,
768 673 868 714 hanc
908 673 1111 729 epistolam
1144 687 1225 714 non
1256 672 1379 714 Judae
1413 673 1615 730 apostolo,
1656 672 1724 714 sed

240 759 387 801 decim'o
421 759 559 814 quinto
582 756 949 813 Hierosolymorum
982 758 1167 812 episcopo
1192 755 1438 797 tribuendam
1461 772 1556 806 esse,
1591 751 1724 797 οἷδελ-

239 838 322 898 φὸς
350 836 551 894 Ἰακώβου
583 840 797 897 significare
832 838 957 888 debet,
992 854 1072 881 non
1104 839 1312 880 fraternam
1340 842 1622 896 cognationem,
1655 839 1724 880 sed

239 927 442 966 ministerii
481 925 563 965 sive
594 923 856 979 Episcopatus
896 924 1220 964 communionem.
1283 922 1349 963 Ad
1380 938 1513 964 verum
1548 923 1724 963 Thomae

239 1023 381 1049 nomen
413 1006 522 1063 quod
553 1008 702 1055 attinet,
738 1020 858 1062 quum
891 1007 983 1046 satis
1017 1014 1148 1061 aperte
1179 1007 1367 1046 innuatur
1390 1005 1489 1045 duos
1521 1005 1726 1045 dumtaxat

239 1090 458 1147 Apostolos
486 1089 618 1138 fuisse,
654 1090 720 1144 qui
744 1088 867 1129 Judac
890 1102 1032 1129 nomen
1054 1096 1256 1143 portarent
1279 1085 1358 1139 (Jo.
1381 1087 1486 1136 XIV,
1511 1084 1597 1140 22),
1632 1101 1725 1127 con-

241 1173 441 1214 cludamus
463 1173 551 1213 licet
571 1180 756 1228 patruum
779 1173 1009 1228 cognomine
1039 1178 1263 1211 contentum
1285 1169 1417 1220 fuisse,
1451 1170 1580 1212 fratris
1602 1169 1724 1210 filium

240 1271 382 1297 nomen
427 1254 534 1296 istud
579 1269 810 1310 usurpasse,
861 1253 983 1294 donec
1029 1253 1070 1294 id
1114 1262 1278 1309 propter
1322 1254 1528 1294 Iscariotae
1575 1252 1724 1293 facinus

242 1340 422 1381 odiosum
462 1346 563 1379 esset
599 1336 763 1386 sactu1113
806 1336 942 1377 deinde
975 1351 1068 1377 vero
1102 1335 1358 1377 Tliaddaeum
1391 1351 1430 1378 se
1462 1349 1721 1392 nuncupasse.

240 1421 375 1479 Neque
405 1423 519 1463 nimis
551 1419 770 1477 urgendum
803 1428 872 1469 cst,
907 1418 1016 1475 quod
1038 1418 1175 1460 Jacohi
1206 1419 1309 1460 filius
1342 1421 1586 1460 immaturior
1617 1417 1724 1459 futu-

241 1520 308 1547 rus
341 1513 452 1554 esset,
487 1518 603 1560 quam
634 1511 680 1544 ut
711 1505 750 1543 in
782 1502 987 1555 duodecim
1020 1502 1301 1558 discipulorum
1331 1516 1537 1543 numerum
1558 1501 1726 1542 adsisce-

241 1597 361 1630 retur.
405 1586 677 1642 Quodcunque
705 1587 806 1626 enim
829 1584 874 1626 dc
896 1583 1045 1626 Jacobo
1073 1585 1184 1640 justo
1207 1585 1393 1627 traditum
1416 1593 1484 1634 est,
1518 1599 1590 1625 nos
1613 1584 1727 1626 docet

242 1687 328 1713 cum
361 1671 561 1727 aliquanto
594 1670 880 1725 provectiorem
913 1670 1024 1708 annis
1058 1667 1198 1717 fuisse,
1234 1683 1312 1725 quo
1344 1677 1519 1724 tempore
1551 1666 1600 1707 ad
1630 1666 1726 1722 Epi-

242 1763 446 1811 scopatum
477 1752 881 1808 Hierosolymitanum
921 1749 1147 1801 accedebat3
1186 1753 1363 1808 potuisse
1401 1753 1522 1807 igitur
1551 1757 1725 1790 maturae

242 1840 377 1880 aetatis
410 1837 531 1877 filium
563 1834 716 1876 habere.
769 1834 821 1875 Et
852 1848 973 1891 quum
1007 1834 1182 1875 Thomas
1207 1834 1463 1875 Thaddacum
1495 1835 1612 1874 istum
1644 1833 1726 1872 sive

240 1921 383 1963 Judam
416 1919 465 1960 ad
495 1918 682 1960 Edessam
713 1916 945 1958 mittendum
978 1916 1149 1965 curabat,
1185 1917 1376 1973 quendam
1409 1931 1449 1957 se
1480 1918 1568 1972 ipso
1600 1916 1726 1956 mino-

241 2019 321 2046 rem
354 2012 449 2044 natu
480 2004 630 2043 misisse
661 2000 861 2058 putandus
894 2008 964 2040 est.
1029 1998 1108 2040 Sed
1146 1999 1289 2040 dixerit
1319 1999 1484 2040 fortasse
1517 2000 1723 2055 quispiam,

242 2102 371 2128 nonne
403 2086 605 2141 Alphaeus
637 2084 711 2133 ille,
744 2085 861 2124 trium
894 2083 1182 2139 Apostolorum
1214 2091 1336 2139 pater,
1369 2082 1494 2123 dudae
1524 2080 1727 2122 Thaddaei

243 2184 353 2218 avus,
388 2168 488 2209 idem
521 2167 594 2208 fuit
625 2175 741 2223 atque
776 2165 920 2221 Clopas
954 2166 1013 2206 vcl
1048 2164 1214 2221 Cleopas
1247 2166 1320 2214 ille,
1355 2167 1421 2221 qui
1449 2165 1614 2205 Mariam
1637 2162 1727 2204 Ser-

245 2253 391 2293 vatoris
430 2252 556 2291 nostri
595 2257 838 2290 materteram
870 2262 1035 2288 uxorem
1068 2248 1183 2289 duxit
1215 2244 1440 2299 (J0.X1X,
1473 2244 1582 2299 25)?
1628 2245 1727 2287 Illud

246 2349 379 2376 verum
412 2347 495 2374 esse
528 2332 780 2379 demonstrat,
814 2340 892 2371 tam
925 2339 1058 2386 aperta
1091 2330 1296 2371 declaratio
1330 2330 1449 2385 hujus
1475 2343 1639 2370 uxorem
1661 2327 1727 2369 Ja-

245 2416 332 2458 cohi
365 2417 490 2458 nostri
523 2424 682 2456 matrem
716 2413 835 2454 fuisse
869 2410 1005 2465 (Marc.
1029 2412 1118 2462 XV,
1143 2409 1229 2465 40),
1266 2427 1379 2469 quam
1413 2413 1580 2453 nominis
1603 2413 1726 2467 ipsius

244 2503 366 2550 rati03
399 2514 487 2540 nam
519 2507 641 2555 prout
673 2499 887 2538 omittimus
912 2497 970 2537 vel
1004 2510 1278 2537 conservamus
1311 2495 1493 2536 initialem
1521 2496 1727 2550 aspiratio-

245 2598 343 2631 nem,
369 2596 510 2623 nomen
533 2564 654 2627 ³2¹71¹¹l
678 2589 793 2621 sonat
813 2594 947 2636 graece
965 2579 1024 2621 vel
1041 2578 1224 2627 Κλωπᾶς
1245 2579 1305 2619 vel
1319 2575 1546 2633 Ἀλφαϊοςς
1570 2576 1725 2635 εἰῒῇἱῄ,

241 2663 450 2717 Ἀγγαῖος,
469 2673 506 2706 et
522 2664 660 2704 similia
678 2660 782 2715 (vide
793 2663 827 2704 Τ
833 2662 1036 2711 horndike,
1059 2661 1176 2718 oftlze
1190 2662 1460 2704 Govermnent
1475 2659 1729 2717 ofs'lmrcltes

246 2764 285 2804 p.
310 2748 348 2789 5.
390 2746 597 2803 Lightsoot
628 2747 677 2787 ad
705 2746 793 2787 Act.
815 2746 849 2795 l,
878 2744 961 2798 13).
1003 2745 1168 2786 Mariam
1193 2753 1320 2785 autem
1350 2759 1485 2784 sorore
1506 2745 1728 2799 provectio-

248 2845 326 2871 rem
360 2829 478 2870 suissc
512 2829 607 2885 quid
629 2829 762 2870 vetat?
802 2828 905 2882 Quid
928 2837 1034 2869 vetat
1057 2827 1241 2884 Cleopam
1268 2828 1348 2882 jam
1376 2827 1547 2867 vetulum
1580 2825 1728 2866 fuisse?

251 2913 385 2966 Quid?
417 2915 447 2954 si
472 2912 644 2954 Jacobus
678 2914 1043 2969 quinquagesimum
1077 2911 1307 2967 complesset
1339 2909 1510 2952 annum?
1542 2908 1584 2950 Si
1605 2907 1726 2949 Judas
