1867 3301
703 809 906 877 PARS
961 791 1270 884 QUINTA.

586 965 883 1009 Benedictiones
916 965 1134 1022 proborum
1166 974 1204 1007 et
1235 968 1395 1007 monita.

699 1229 727 1270 Ι.
774 1227 868 1271 JAC
876 1227 961 1271 OBI
994 1226 1284 1271 CANTICUM.

248 1417 454 1497 G‘ffgl‘nfl']
489 1428 811 1488 Congregamini‚
844 1439 890 1472 ut
920 1432 1150 1473 annunciem
1183 1445 1282 1487 quae
1312 1439 1499 1472 eventura
1520 1431 1599 1471 sint
1619 1428 1732 1471 vobis

1025 1516 1063 1555 in
1098 1514 1234 1556 diebus
1267 1515 1503 1563 novissimis,

413 1608 454 1642 [2]
490 1595 793 1655 Congregamini
833 1605 870 1638 et
908 1596 1038 1639 audite
1078 1597 1145 1638 filii
1185 1597 1342 1647 Jacobi,
1388 1597 1518 1638 audite
1557 1596 1732 1638 Israelem

1024 1689 1174 1738 patrem
1205 1689 1390 1722 vestrum.

941 1762 964 1816 ᾖ
1001 1761 1036 1805 1.

414 1854 455 1894 [3]
489 1844 645 1895 Rullum,
676 1856 721 1887 tu
753 1846 909 1903 quidem
941 1848 1227 1904 primogenitus
1261 1862 1313 1896 es,

488 1930 631 1970 Robur
661 1945 807 1979 meum,
842 1938 879 1971 et
911 1931 1062 1971 initium
1093 1930 1302 1979 virilitatis,

488 2013 728 2069 Principium
762 2013 960 2070 dignitatis
995 2022 1032 2054 et
1063 2015 1297 2069 principium
1328 2012 1505 2053 honoris.

415 2105 458 2144 [4]
493 2096 571 2137 Sed
603 2095 787 2137 ebulliisti
819 2105 1003 2153 tanquam
1037 2096 1234 2137 scatebrae
1265 2095 1454 2145 fervidae;
1495 2097 1644 2151 itaque,
1685 2109 1732 2136 ne

1028 2182 1080 2220 sis
1113 2182 1306 2236 princeps.

489 2261 587 2303 Nam
620 2264 741 2318 patris
774 2264 831 2303 tui
864 2262 988 2303 cubile
1020 2263 1247 2313 ascendisti,

490 2345 672 2386 Polluisti
705 2353 868 2385 stratum
901 2360 1028 2385 meum
1061 2348 1136 2386 isto
1171 2360 1345 2387 ascensu.

415 2435 458 2476 [5]
491 2426 647 2470 Simeon
679 2436 716 2468 ct
748 2425 835 2469 Levi
868 2427 1006 2468 fratres
1039 2437 1152 2478 sunt3

488 2512 749 2553 Instrumenta
780 2513 960 2552 saevitiae
992 2519 1085 2551 sunt
1115 2511 1232 2567 gladii
1264 2525 1411 2551 eorum.

415 2603 458 2642 [6]
490 2595 532 2636 In
565 2595 736 2636 conciliis
770 2610 903 2635 eorum
937 2609 983 2635 ne
1017 2602 1279 2635 commoretur
1309 2594 1492 2634 voluntas
1525 2608 1626 2642 mea,

489 2678 530 2719 In
564 2687 677 2720 coetu
711 2693 845 2719 eorum
877 2693 925 2719 ne
957 2680 1008 2718 sit
1039 2680 1285 2718 consociatus
1318 2679 1469 2718 animus
1501 2691 1622 2718 meus.

489 2760 587 2802 Nam
620 2776 712 2817 prae
744 2763 799 2802 ira
832 2762 1026 2802 hominem
1059 2759 1352 2810 interfecerunt,

489 2843 540 2884 Et
571 2859 663 2899 prae
696 2844 851 2885 lascivia
883 2833 1024 2885 bovoni
1058 2852 1303 2884 enervarunt.

415 2935 458 2972 [7]
493 2926 741 2969 Detestabilis
774 2930 825 2968 sit
857 2942 991 2969 eorum
1022 2930 1098 2978 ira,
1136 2929 1319 2983 quoniam
1351 2925 1558 2968 immodica
1589 2923 1680 2975 suit,
