1867 3301
827 214 881 259 11

109 353 284 409 plerique
318 361 541 402 autumant,
575 351 694 393 frater
726 351 882 401 suisset,
917 367 998 394 non
1031 352 1266 395 scriberetur
1288 350 1486 407 Ἰάκωβος
1502 351 1602 396 Ἀλ-

110 438 244 490 ([καίου
282 445 320 477 et
345 432 508 483 Ἰούδας
534 432 757 489 Ἰακώβου,
798 435 866 476 sed
892 433 1092 489 Ἰάκωβος
1131 432 1153 477 ὃ
1185 436 1261 477 τοῦ
1284 434 1501 492 Ἀλφαίου
1532 441 1602 478 καὶ

101 516 265 567 Ἰούδας
297 516 319 560 ὁ
353 514 545 574 ἀδελφὸς
577 515 728 567 αὐτοῦ,
771 520 892 568 sicut,
929 522 967 559 111
1000 519 1136 560 eodem
1169 519 1314 569 indice,
1346 516 1546 574 Ἰάκωβος
1577 516 1600 562 ὁ

108 604 185 644 τοῦ
213 600 448 656 Ζεβεδαίου
481 604 551 642 καὶ
576 598 774 656 Ἰωάννης
806 596 829 642 ὃ
863 598 1055 657 ἀδελφὸς
1088 596 1234 644 azizos).
1291 602 1437 656 Quidni
1470 603 1598 654 fuerit,

108 695 153 727 ut
182 686 412 742 plerumque
444 685 590 726 indicat
622 685 684 725 illa
710 686 871 741 genitivi
901 687 1122 742 appositio,
1157 686 1259 726 filius
1282 686 1441 735 Jacohi,
1476 702 1600 744 nepos

107 768 303 825 Alphaei?
349 767 424 822 Qui
458 767 701 809 contendunt
732 767 888 809 fratrem
922 783 1081 825 quoque
1113 769 1274 826 intelligi
1307 784 1425 826 posse
1457 772 1494 811 in
1528 771 1601 812 hae

107 854 268 909 genitivi
306 853 577 907 appositione,
620 850 661 892 id
693 851 873 907 equidem
905 867 984 892 11011
1018 854 1262 909 negaverim,
1305 855 1337 892 si
1368 853 1443 894 loci
1475 856 1600 910 ipsius

108 943 316 976 contextus
357 949 437 976 rem
477 937 531 975 ita
568 949 650 975 esse
684 934 931 990 significaret.
995 935 1158 992 Alioqui
1190 934 1413 976 idiotismus
1444 936 1600 993 linguae

109 1017 275 1060 Graecae
307 1018 503 1073 postulat,
538 1026 583 1058 ut
613 1017 837 1073 πάτροθεν
868 1018 1055 1074 appellari
1086 1027 1270 1074 putemus
1305 1034 1412 1068 eum,
1448 1021 1515 1075 qui
1547 1022 1601 1061 ita

109 1101 348 1158 designatur.
411 1100 547 1156 Neque
587 1101 801 1157 quidquam
844 1103 1023 1150 interest,
1067 1101 1176 1158 quod
1207 1099 1371 1151 Ἰούδας
1398 1097 1601 1156 Ἰακώβου

106 1199 188 1225 11011
220 1182 242 1224 ὃ
273 1183 348 1225 τοῦ
373 1181 574 1236 Ἰακώβου
601 1184 832 1240 appellatur.
883 1184 1015 1225 »Nihil
1039 1186 1179 1234 enim«,
1213 1194 1259 1226 ut
1282 1187 1479 1226 verissime
1501 1185 1600 1227 Her-

106 1282 272 1307 mannus
304 1268 578 1322 pronuntiavit
601 1264 664 1319 (de
686 1267 823 1323 Ellipsi
846 1276 884 1308 et
904 1267 1159 1318 Pleonasmo,
1196 1268 1342 1325 Opusc.
1365 1269 1398 1318 I,
1424 1284 1462 1324 p.
1485 1266 1597 1322 163),

108 1358 260 1391 »mutat
297 1350 503 1398 articulus,
548 1352 615 1406 qui
655 1364 742 1391 eum
783 1352 894 1391 initio
936 1351 997 1392 his
1032 1366 1191 1408 quoque
1223 1354 1262 1393 in
1295 1351 1473 1393 formulis
1505 1367 1600 1408 pro-

106 1448 249 1475 nomen
281 1442 400 1482 esset,
442 1433 603 1488 perinde
636 1441 735 1483 erat,
777 1448 919 1474 nomen
952 1436 1102 1490 ipsum,
1146 1449 1195 1475 an
1225 1450 1444 1491 pronomen
1476 1451 1600 1492 pone-

105 1525 225 1559 retur.
247 1511 533 1571 Ἀλέξανδρος
555 1514 773 1558 Φιλίππου
806 1517 1127 1566 θ5ῑ,Αῖθ.1ταητίθν
1147 1517 1346 1574 Phihppi,
1379 1534 1463 1560 non
1495 1519 1601 1560 celius

107 1601 347 1656 cujuspiam.
377 1594 662 1655 Ἀλέξανδρος
683 1597 705 1640 ὃ
729 1598 968 1650 Φιλίππου,
1003 1615 1124 1657 quum
1157 1600 1310 1651 dieitur,
1344 1604 1473 1658 primo
1507 1604 1600 1643 sim-

104 1684 256 1741 pliciter
286 1685 513 1724 nominatur
544 1683 794 1737 Alexander,
837 1683 995 1733 deinde,
1037 1693 1083 1725 ut
1119 1683 1167 1725 ab
1200 1685 1284 1725 aliis
1318 1684 1596 1742 distinguatur,

105 1766 287 1822 adjicitur
308 1766 375 1807 ille
394 1765 593 1822 Phihppi,
629 1765 738 1822 quod
769 1782 863 1807 1111111
896 1776 955 1808 est
985 1767 1092 1808 aliud
1123 1782 1240 1824 quam
1273 1770 1305 1808 si
1326 1770 1492 1824 repetito
1526 1784 1599 1810 no-

104 1840 210 1891 mine
239 1849 443 1898 diceretur,
479 1846 786 1906 ’Λλέξανδρος,
821 1847 1108 1905 Ἀλέξανδρος
1138 1848 1161 1892 ὅ
1195 1849 1471 1892 Φιλίππουῖ)«
1518 1852 1598 1894 Pu-

103 1932 265 1974 tandum
289 1941 347 1974 est
367 1934 500 1989 igitur,
532 1935 685 1974 tametsi
706 1935 859 1989 priores
884 1943 972 1975 octo
996 1934 1182 1990 Apostoli
1205 1937 1318 1991 quasi
1339 1934 1421 1975 bini
1444 1934 1594 1984 fratres,

105 2018 293 2072 septimus
327 2025 455 2057 autem
488 2024 525 2057 et
557 2025 719 2057 octavus
745 2019 856 2072 quasi
878 2017 1029 2073 gemelli
1051 2017 1269 2073 prodeunt,
1303 2026 1433 2059 tamen
1453 2018 1597 2059 nihilo-

104 2101 232 2139 minus
266 2100 304 2139 in
337 2101 475 2154 quinto
507 2097 646 2156 bijugo
680 2107 830 2155 patrem
863 2108 900 2140 et
931 2100 1051 2140 filium
1087 2101 1296 2158 conjungi3
1329 2101 1438 2158 quod
1468 2103 1596 2143 minus

106 2184 178 2222 erit
214 2183 376 2230 mirum,
419 2183 451 2221 si
492 2182 836 2223 animadvertimus
876 2185 915 2223 in
952 2184 1089 2224 ultiino
1123 2184 1210 2225 loeo
1244 2184 1404 2225 eandem
1437 2185 1597 2240 copula-

106 2267 249 2306 tionem
274 2264 420 2313 valere3
454 2279 543 2305 nam
565 2264 688 2306 ι11111115
722 2266 782 2306 ille
813 2266 1000 2308 Iscariota
1023 2266 1195 2308 Simonis
1217 2268 1320 2308 filius
1344 2267 1418 2309 fuit
1440 2265 1595 2321 (J0.VI,

105 2346 173 2390 71.
207 2348 297 2397 XII,
321 2346 361 2389 4.
395 2347 501 2394 XIII,
528 2347 574 2398 2,
600 2346 693 2402 26),
737 2358 775 2390 et
806 2349 913 2405 apud
943 2350 1189 2392 Matthaeum
1220 2351 1476 2408 Marcumque
1510 2366 1595 2392 cum

102 2440 213 2489 patre
246 2446 318 2472 suo
354 2433 615 2487 componitur.
667 2431 784 2485 Quod
816 2433 1001 2490 allegant,
1038 2435 1242 2489 epistolam
1265 2434 1389 2475 Judae
1412 2437 1452 2475 in
1480 2435 1595 2475 titulo

105 2530 177 2556 suo
212 2514 374 2556 habere:
413 2510 592 2564 Ἰούδας,
618 2512 754 2571 Ἰησοῦ
785 2516 976 2571 Χριστοῦ
1008 2515 1181 2567 δοῦλος,
1215 2512 1409 2573 α’δελφός
1441 2516 1488 2559 δὲ
1511 2515 1595 2558 Ἰα-

103 2598 263 2651 κώβου,
297 2613 347 2638 ex
377 2607 606 2655 argumento
630 2608 768 2640 nostro
793 2602 886 2640 satis
908 2608 1017 2656 patet
1038 2609 1236 2641 auctorem
1259 2603 1372 2642 istius
1395 2601 1594 2657 epistolae,

104 2683 135 2722 si
168 2681 389 2736 Apostolus
430 2691 552 2731 esset,
594 2697 674 2723 non
715 2682 835 2724 fuisse
876 2683 1033 2725 fratrem
1071 2683 1140 2724 sed
1171 2684 1294 2724 filium
1327 2683 1485 2734 Jacobi;
1527 2686 1596 2726 sed

101 2763 243 2805 Judam
277 2766 395 2805 istum
416 2780 497 2806 nou
526 2765 645 2808 fuisse
666 2766 907 2822 Apostolum
930 2769 1163 2807 intrinsecus
1187 2766 1478 2809 demonstratur
1500 2771 1595 2824 ipsis

102 2846 303 2902 Epistolae
336 2847 463 2888 verbis
499 2846 552 2901 (v.
581 2847 671 2902 17):
720 2847 838 2903 ὑμεῖς
879 2850 943 2899 δὲ,
984 2846 1214 2904 ἀγαπητοὶ,
1254 2850 1474 2906 μνήσθητε
1512 2853 1596 2892 τῶν

104 2926 304 2984 ῥημάτων
335 2930 419 2972 τῶν
449 2933 766 2987 προειρημένων
803 2930 886 2974 ὑπὸ
930 2932 1014 2975 τῶν
1046 2930 1299 2975 ἀποστόλων
1330 2933 1406 2976 τοῦ
1436 2936 1596 2987 Κυρίου
