1867 3301
846 184 953 217 xvu
996 159 998 162 ⁴

1579 254 1641 277 rac.

157 310 300 352 Ililkias,
327 311 413 344 aucti
441 308 696 344 Deuteronomii
724 308 844 350 editor,
875 308 955 354 quid
984 308 1190 354 praeceperit
1239 332 1534 341 ......
1587 306 1654 342 165

156 382 346 429 Decalogus
373 381 677 416 Deuteronomicus
704 380 857 414 Exodico
886 379 1144 426 anteponendus
1172 384 1222 413 est
1238 404 1535 412 ......
1586 377 1654 413 165

156 453 306 487 Duarum
334 454 528 488 versionum
557 452 798 498 discrepantiae
825 457 1043 486 recensentur
1063 475 1534 484 .........
1586 447 1653 484 166

156 524 343 570 Utriusque
370 524 502 558 tabulae
530 523 680 570 analysis
708 529 740 558 et
766 524 944 570 explicatio
1004 547 1534 556 ..........
1587 518 1654 555 167

157 599 353 642 Diabolus)
379 598 550 642 mundus,
577 602 608 630 et
634 607 725 630 caro
753 597 785 629 in
813 595 916 630 altera
943 594 1057 629 tabula
1085 594 1135 628 bis
1162 593 1446 628 abrenunciantur
1469 619 1475 625 .
1527 618 1534 625 .
1587 590 1653 627 171

157 668 247 702 Duae
267 668 459 715 Fragmenti
488 668 625 703 secundi
654 667 792 702 laciniae
820 679 882 713 ope
901 667 1030 701 Michae
1058 672 1090 700 ct
1108 665 1195 700 Novi
1216 665 1427 700 Testamenti
1454 675 1535 699 con-

204 746 351 775 suuntur
366 762 1534 774 .....................
1586 734 1655 771 172

157 811 285 846 Similis
311 813 395 846 ratio
424 813 456 846 in
485 812 582 846 tertio
610 811 813 858 Fragmento
842 810 1073 845 concinnando
1102 808 1192 844 valet
1239 833 1535 842 ......
1586 805 1654 842 175

157 882 290 917 Domini
316 884 425 917 nostri
453 883 574 928 triplex
602 884 713 917 citatio
743 882 931 928 explicatur
945 904 1534 915 ...........
1586 877 1654 913 175

155 953 369 1000 Blaspbemia
396 956 428 988 in
457 954 619 999 Spiritum
648 955 809 989 Sanctum
838 953 948 1000 qualis
977 954 1020 987 sit
1063 976 1535 986 .........
1587 948 1655 984 176

157 1025 339 1068 Patientia,
367 1025 432 1059 fuit
457 1025 634 1071 peculiaris
663 1025 826 1072 quaedam
854 1031 1005 1060 veterum
1033 1023 1262 1059 Israelitarum
1291 1023 1418 1056 virtus.
1470 1048 1477 1056 .
1528 1047 1535 1055 .
1587 1019 1655 1056 177

157 1096 315 1131 Doctrina
342 1097 597 1132 Deuteronomii
623 1109 726 1143 paene
754 1097 945 1132 Christiana
1003 1119 1534 1130 ..........
1587 1091 1656 1128 178

158 1167 326 1209 Quattuor
358 1170 490 1214 priores
525 1168 601 1203 libri
635 1169 814 1204 Jasbarani
847 1174 959 1215 partes
994 1167 1183 1203 absolutam
1219 1167 1251 1200 in
1287 1178 1323 1201 se
1355 1165 1537 1214 τετρακτύν

204 1239 474 1285 complectuntur
485 1263 1536 1274 ...................
1586 1234 1654 1271 179

632 1365 680 1403 ΙΝ
711 1364 915 1402 PARTEM
949 1364 1179 1406 QUINTAM.

159 1455 246 1490 Tres
280 1457 488 1501 posteriores
514 1456 694 1491 Jasharani
728 1456 804 1490 libri
830 1462 942 1502 partes
970 1456 1169 1502 ecquidnam
1197 1454 1368 1502 singulare
1394 1466 1430 1490 ac
1455 1467 1534 1501 pro-

204 1529 313 1573 prium
340 1528 509 1563 habeant?
537 1553 1534 1562 ..................
1586 1525 1651 1562 191

156 1598 181 1632 I.
215 1599 333 1634 Jacobi
361 1601 524 1634 canticum
553 1612 618 1634 non
647 1601 800 1646 potuisse
828 1612 844 1634 a
870 1599 1064 1634 Patriarcha
1091 1601 1165 1646 ipso
1194 1599 1359 1634 conscribi
1411 1625 1417 1632 .
1469 1626 1475 1632 .
1527 1625 1533 1632 .
1585 1598 1654 1634 192

156 1671 230 1705 Hoc
256 1683 375 1717 poema
403 1671 589 1707 Solomone
616 1678 776 1720 regnante
805 1673 1032 1719 conscriptum
1061 1683 1135 1707 esse
1178 1697 1533 1706 .......
1586 1669 1653 1706 193

155 1742 343 1781 Jasharano
369 1743 456 1778 libro
486 1756 588 1790 quare
616 1745 660 1778 sit
685 1744 926 1779 referendum?
947 1769 1533 1778 ...........
1586 1741 1654 1777 194

157 1812 304 1856 Causae,
333 1827 391 1849 cur
416 1821 484 1850 tres
511 1822 591 1850 natu
619 1817 753 1850 maximi
774 1816 986 1850 Patriarchae
1011 1815 1072 1850 filii
1100 1827 1116 1849 a
1134 1816 1420 1862 primogeniturae
1437 1826 1534 1861 prae-

202 1888 367 1933 rogativis
395 1887 603 1930 exciderent,
632 1899 671 1922 ex
698 1888 845 1922 secunda
872 1889 972 1922 Parte
999 1887 1210 1933 explicantur
1237 1913 1533 1920 ......
1585 1885 1654 1920 194

156 1957 400 2004 Ethnologicae
427 1959 578 2004 ejusdem
607 1960 654 1993 rei
680 1958 927 1994 illustrationes
946 1983 1533 1993 ...........
1587 1955 1653 1991 195

156 2029 403 2075 Argumentum
431 2043 446 2064 a
472 2030 640 2065 vocabulo
669 2037 795 2082 Πῆέγρ
830 2055 1532 2065 .............
1585 2027 1653 2063 196

157 2099 346 2145 lnquiritur
372 2102 403 2134 in
431 2101 625 2135 Levitarum
653 2076 897 2143 sacerdotium,
927 2101 1017 2147 quod
1045 2101 1217 2147 paullatim
1246 2101 1387 2136 creverit
1410 2127 1416 2134 .
1468 2126 1475 2133 .
1509 2113 1532 2133 ι.
1585 2098 1654 2134 197

158 2171 267 2207 Judae
294 2171 482 2206 benedictio
511 2173 550 2206 ad
578 2178 729 2219 tempora
756 2173 964 2208 Solomonea
992 2174 1116 2208 diserte
1144 2178 1272 2219 spectat
1295 2199 1533 2207 .....
1585 2171 1655 2207 198

159 2242 246 2276 Tres
274 2245 515 2278 sententiarum
544 2244 687 2279 familiae
716 2245 755 2279 de
782 2256 884 2280 versu
905 2244 948 2280 10
1004 2270 1532 2279 ..........
1585 2243 1654 2279 199

156 2314 268 2348 Aurea
296 2314 493 2350 Solomonis
520 2322 610 2350 aetas
657 2342 1533 2351 ................
1582 2314 1651 2350 201

157 2383 248 2419 Ordo
275 2386 424 2420 filiorum
451 2393 531 2421 natu
558 2389 726 2422 minorum
754 2388 910 2422 turbatur
948 2413 1534 2422 ...........
1583 2385 1652 2422 201

156 2455 286 2490 Issacar
313 2470 415 2503 quare
442 2461 536 2493 asino
565 2460 801 2506 comparetur?
828 2483 1532 2493 .............
1583 2456 1651 2493 201

158 2526 249 2570 Quae
284 2529 323 2564 de
350 2530 480 2564 Danitis
509 2537 815 2566 commemorantur
841 2532 882 2566 ad
911 2532 1120 2574 Simsonem,
1156 2543 1240 2577 quae
1269 2530 1308 2565 de
1336 2529 1465 2565 Gaditis
1493 2530 1533 2564 ad

203 2598 383 2646 Jephiham
411 2608 562 2648 spectant
596 2628 1533 2638 .................
1583 2600 1654 2636 202

157 2671 448 2717 Naphtbalitarum
476 2674 538 2708 sub
565 2675 723 2721 Baraquo
751 2675 858 2722 gloria
886 2699 1534 2709 ............
1584 2671 1654 2707 204

157 2743 306 2788 Antiqua
324 2745 607 2790 Ephraimitarum
627 2746 749 2790 clades,
767 2759 927 2793 praesens
947 2747 1055 2794 gloria
1074 2747 1106 2780 in
1124 2746 1268 2792 Josephi
1287 2745 1535 2791 praedieatione

206 2815 437 2861 significantur
479 2842 1534 2853 ...................
1583 2814 1654 2850 205

156 2885 284 2921 Bellica
309 2887 608 2932 Benjaminitarum
635 2889 710 2925 laus
773 2914 1536 2923 ..............
1585 2885 1654 2922 207
