1867 3301
272 341 414 383 docent
444 355 579 382 vocem
611 323 774 386 1'715472
808 340 1064 396 compositam
1105 353 1188 379 esse
1221 353 1269 380 ex
1309 321 1400 383 ³¹73
1437 352 1539 391 ozon,
1578 338 1685 392 sine,
1726 345 1764 380 et

272 407 365 484 ῘἋῘἿ
391 425 659 478 commodum,
694 432 732 465 et
762 424 1011 480 nuperiimus
1034 420 1204 463 Nahumi
1230 424 1433 478 interpieS,
1470 420 1564 463 Otto
1588 420 1761 470 Strauss‚

273 508 513 549 confidenter
553 508 720 548 affirmat
753 503 807 564 (p.
834 503 927 559 36)
970 488 1177 555 »½VR½D‚
1221 507 1331 562 cujus
1374 507 1499 547 varias
1540 507 1764 546 notationes

274 594 471 649 congessit
491 591 590 632 Dan.
614 591 770 632 Henriei
793 587 1014 643 (Nahumus
1037 569 1227 631 PaciIicus
1250 589 1301 630 ad
1321 589 1360 630 h.
1384 586 1427 642 l.)
1450 589 1563 646 plane
1585 596 1765 629 nostrum

274 684 332 717 est
362 674 750 730 Niclztsnutziylceit,
786 673 832 715 cf.
865 673 982 714 Deut.
1004 673 1104 728 Mll,
1133 671 1205 723 143
1237 673 1328 722 XV,
1357 671 1428 722 19,
1471 674 1588 713 unius
1620 672 1765 728 ingenii

275 761 401 815 speeie
441 759 721 815 comprehensa
761 757 787 798 2
811 756 915 798 Sam.
947 756 1095 806 XXIII,
1129 755 1166 797 6.
1216 755 1305 797 Job.
1335 756 1482 805 XXIV,
1519 754 1611 797 18«
1687 753 1767 796 Sed

273 842 480 884 Jasharani
512 844 638 883 nostri
677 842 753 882 loci
794 849 925 898 aperte
965 840 1161 882 declarant
1202 840 1301 880 hane
1332 854 1466 881 vocem
1499 854 1579 880 non
1609 839 1766 895 περαιτέ-

274 941 380 979 vam,
415 925 483 967 sed
498 926 732 982 positivam,
768 925 953 977 activam,
989 932 1025 965 et
1053 923 1281 966 absolutam
1301 925 1514 979 nequitiam
1536 922 1765 979 significare.

275 1009 347 1051 Hic
380 1011 480 1050 enim
511 1009 682 1050 Davides
703 1008 908 1050 Belialem
941 1023 1027 1049 cum
1058 1015 1187 1049 morte
1218 1014 1438 1064 comparat3
1471 1021 1560 1047 nam
1591 1006 1769 1063 loquitur

277 1092 322 1133 de
355 1092 541 1133 fluctibus
574 1091 811 1149 quibusdam
843 1093 910 1148 qui
945 1094 1072 1148 ipsum
1107 1091 1351 1141 obruissent3
1385 1090 1560 1132 similiter
1592 1089 1768 1145 Aeschy-

276 1177 336 1217 lus
372 1174 496 1229 (Pers.
520 1173 645 1229 425):
687 1174 830 1216 κακῶν
869 1171 920 1230 δὴ
954 1173 1140 1226 πέλαγος
1170 1173 1354 1231 ἔρρωγεν
1384 1176 1512 1228 μέγα,
1548 1182 1586 1215 et
1617 1170 1765 1227 (Prom.

280 1257 430 1313 1017);
471 1257 559 1307 οἶός
598 1270 642 1300 σε
687 1255 847 1314 χειμών
887 1260 958 1299 καὶ
998 1258 1139 1300 κακῶν
1170 1260 1366 1314 τρικυμία
1405 1254 1537 1299 sitae?
1569 1255 1769 1312 ἄφυκτος.

276 1343 328 1385 Et
358 1345 396 1385 in
427 1345 652 1385 novissimis
684 1342 848 1384 Davidis
882 1342 1011 1383 verbis
1043 1342 1185 1384 Belial
1213 1342 1411 1384 collective
1444 1340 1691 1390 describitur,
1724 1347 1770 1381 ut

279 1426 388 1484 quod
428 1442 478 1468 ex
515 1427 647 1468 multis
685 1426 865 1483 partibus
906 1434 1088 1468 constans
1129 1441 1208 1467 uno
1242 1434 1371 1467 tamen
1402 1427 1492 1466 nisu
1524 1426 1564 1465 in
1595 1424 1769 1465 flammas

278 1512 329 1551 sit
360 1510 643 1566 conjiciendum
677 1512 878 1566 spinarum
911 1512 1046 1559 instar,
1086 1502 1328 1567 quas⁴nemo
1361 1509 1531 1551 voluerit
1562 1509 1769 1564 separatim

280 1610 329 1635 ex
367 1603 474 1636 strue
508 1593 688 1643 evellere,
733 1593 801 1635 sed
837 1596 972 1650 potius
1014 1593 1122 1635 surea
1161 1594 1290 1650 aliqua
1328 1593 1389 1634 vel
1428 1599 1637 1649 praeacuta
1673 1590 1770 1632 sude

280 1680 495 1720 comminus
528 1676 757 1734 aggrediens
791 1677 840 1718 ad
871 1692 988 1718 unam
1022 1691 1156 1717 omnes
1188 1679 1227 1717 in
1259 1679 1388 1733 iguem
1415 1675 1607 1716 detrudet.
1653 1674 1772 1715 Prae-

279 1770 383 1803 terea
426 1763 458 1802 si
498 1761 584 1802 illos
617 1761 725 1803 locos
764 1763 964 1816 inspicies,
1006 1763 1045 1801 in
1084 1759 1227 1816 quibus
1266 1759 1480 1816 praefixam
1514 1772 1647 1799 vocem
1678 1758 1767 1822 -Ῐξ,

280 1849 402 1913 ἻΞΞἾ,
438 1841 559 1905 ἴϋῒξξ,
599 1844 659 1885 vel
691 1844 812 1885 simile
845 1844 939 1901 quid
973 1843 1107 1884 definit
1138 1843 1214 1884 hoe
1244 1842 1499 1891 vocabulum,
1534 1840 1681 1897 ubique
1712 1842 1771 1881 in-

281 1931 417 1985 venies
443 1943 525 1969 non
555 1929 758 1984 negativae
792 1928 849 1969 vel
882 1929 1061 1984 passivae
1093 1928 1289 1983 nequitiae
1322 1928 1543 1975 notionem,
1578 1923 1646 1965 sed
1678 1939 1771 1965 eon-

281 2020 493 2054 summatae
525 2013 750 2052 vitiositatis
787 2020 824 2052 et
856 2011 1113 2067 turpitudinis
1137 2010 1471 2066 significationem.
1521 2007 1628 2061 Quae
1651 2022 1771 2064 quum

280 2098 334 2137 ita
367 2097 456 2145 sint,
491 2094 670 2152 equidem
701 2097 939 2151 propensior
971 2110 1057 2135 sum
1081 2094 1129 2135 ad
1150 2094 1253 2134 illam
1275 2094 1633 2149 interpretationem
1657 2106 1771 2148 quem

282 2181 322 2220 in
363 2180 639 2220 commentario
679 2177 729 2219 ad
766 2180 929 2234 primam
968 2186 1118 2234 partem
1159 2174 1213 2233 (p.
1238 2173 1312 2229 47)
1356 2177 1572 2232 proposui,
1620 2189 1769 2231 nempe,

281 2245 445 2322 ῙἊ-ῙΪῨἾΞ
478 2277 561 2302 esse
593 2276 727 2302 vocem
760 2263 985 2318 peregrinae
1024 2262 1205 2317 originis,
1248 2274 1346 2316 quae
1384 2268 1482 2315 typo
1526 2258 1697 2315 quodam
1735 2266 1774 2298 et

282 2347 579 2402 prosopopoeia
610 2343 794 2386 describit
824 2344 1072 2393 mundanam,
1105 2345 1330 2400 praesertim
1364 2341 1672 2390 idololatrarum,
1705 2355 1773 2382 ne-

283 2431 458 2485 quitiam,
494 2436 609 2484 atque
640 2430 694 2468 ita
726 2429 855 2468 omnia
886 2429 925 2468 in
958 2442 998 2467 se
1027 2429 1211 2475 eontinet,
1246 2440 1344 2482 quae
1366 2424 1553 2466 mundum
1576 2437 1771 2480 paganum

284 2527 306 2552 a
339 2510 661 2560 Christianismo,
710 2525 809 2567 quae
856 2510 1028 2552 ethnicas
1069 2511 1248 2550 nationes
1289 2524 1310 2549 a
1349 2508 1499 2564 populo
1539 2506 1769 2555 Jasharano,

285 2609 383 2652 quae
425 2594 659 2636 obscoenam
691 2593 959 2635 Baal-Peoris
997 2593 1236 2649 relligionem
1269 2607 1290 2632 a
1321 2606 1413 2632 vero
1448 2590 1619 2632 Jehovae
1652 2589 1770 2638 cultu,

285 2692 383 2735 quae
417 2678 582 2734 denique
613 2679 756 2733 impios
790 2677 946 2726 hostes,
988 2678 1054 2733 qui
1096 2675 1282 2716 adversus
1315 2674 1505 2715 Jeiiovam
1543 2682 1581 2714 et
1611 2680 1772 2714 unctum

285 2776 400 2803 suum
434 2762 662 2816 conspirant
694 2757 775 2813 (Ps.
798 2760 840 2809 ΙΙ,
867 2757 922 2812 2),
958 2774 979 2799 a
1007 2757 1156 2799 Davide
1190 2766 1227 2798 et
1257 2757 1336 2798 filio
1371 2757 1435 2797 illo
1470 2755 1644 2805 Davidis,
1677 2755 1774 2796 Jesu

287 2843 460 2894 Christo,
495 2843 743 2900 distinguunt
773 2857 816 2883 ae
849 2842 1085 2883 discernunt.
1137 2840 1242 2896 Ergo
1277 2839 1439 2882 ΒΘΖ-ἰαί
1467 2847 1526 2880 est
1554 2838 1637 2880 Bel
1666 2820 1771 2897 (¹72)

289 2927 349 2968 vel
382 2927 570 2968 dominus
601 2927 671 2983 qui
708 2941 836 2982 supra
875 2932 1021 2981 reynat
1059 2908 1256 2981 (¹723),
1298 2920 1319 2964 ὃ
1349 2915 1657 2976 ’κοσμοκράτωρ
1698 2918 1774 2961 τοῦ
