1867 3301
765 194 877 247 '63

101 344 235 383 simus.
296 339 489 382 Nimirum
527 334 659 382 reatus
701 339 805 380 illius
848 341 1034 396 primitivi
1077 338 1270 395 duplicem
1303 340 1442 394 posuit
1474 347 1594 379 mate-

100 427 207 468 riem.
258 424 394 468 Oritur
425 426 525 467 enim
557 432 635 466 tan]
668 439 687 465 e
720 425 844 465 carnis
870 425 1206 480 concupiscentia,
1243 436 1342 479 quae
1365 424 1593 478 praesertim

101 512 140 551 in
179 509 329 552 sexuali
368 510 545 565 appetitu
576 516 774 558 versatur,
818 522 934 565 qnam
976 523 994 549 e
1033 507 1174 550 carnali
1207 508 1449 563 arrogantia,
1494 520 1593 562 quae.

77 589 80 592 ⁴
100 593 172 635 Dei
203 592 396 635 mandatis
428 607 593 648 prorsus
617 594 758 649 spretis
782 600 819 633 et
844 591 1003 647 abjectis
1032 592 1181 633 coelum
1205 605 1435 648 oppugnare
1457 604 1595 647 aggre-

102 677 208 719 ditur
247 685 284 718 et
314 676 440 718 Deum
482 678 734 733 aequiparare
767 675 897 717 audet.
962 675 1034 717 Hic
1064 678 1227 735 propria
1258 674 1368 717 verbi
1401 674 1594 731 significa-

100 763 205 803 tione
246 761 291 802 de
328 760 514 801 machinis
548 760 621 801 illis
655 762 735 801 sive
767 750 981 821 ΠὋΞΨΤἾ
1013 759 1122 816 loqui
1153 774 1388 815 possumus,
1434 757 1590 814 quibus,

99 853 146 888 ut
177 859 297 902 supra
327 844 516 894 vidimus,
560 844 680 885 homo
713 846 884 885 nativam
915 824 1153 900 probitatem
1186 843 1459 899 derelinquens
1492 844 1594 883 viam

102 928 176 971 sibi
208 930 396 985 corrupit.
445 927 525 971 Sed
556 928 602 970 de
633 936 793 985 peccato
825 929 1011 970 universo
1043 929 1083 968 in
1106 942 1219 968 carne
1242 926 1452 983 depravata
1476 940 1595 982 quae-

102 1012 224 1055 rendo
272 1011 397 1054 fusius
444 1012 622 1069 loquitur
660 1011 882 1067 Apostolus
930 1014 970 1053 in
1011 1011 1190 1068 Epistola
1238 1010 1287 1052 ad
1324 1010 1594 1052 Romanenscs

104 1096 264 1147 c.V111‚
307 1096 375 1138 ubi
415 1096 606 1154 generalis
647 1098 838 1138 sententia
870 1096 1062 1138 versiculo
1104 1103 1217 1137 sexto
1256 1096 1499 1136 continetur:
1546 1090 1593 1134 τὸ

103 1180 309 1237 φρόνημα
340 1180 412 1235 τῆς
445 1176 638 1235 σαρκὸς
669 1180 923 1230 θάνατος,
955 1175 1002 1221 τὸ
1038 1178 1086 1221 δὲ
1109 1177 1313 1234 φρόνημα
1335 1178 1410 1220 τοῦ
1435 1177 1596 1220 πνεύ-

101 1278 267 1319 ματος
300 1261 396 1319 ζωή
430 1267 501 1305 καὶ
532 1264 730 1319 εἰρήνη,
763 1265 963 1306 »studium
997 1264 1133 1306 carnis
1163 1278 1269 1304 mors
1299 1271 1378 1312 est,
1413 1261 1482 1304 sed
1511 1270 1596 1304 stu-

103 1347 209 1390 dium
240 1348 408 1404 spiritus
439 1350 519 1390 vita
550 1356 610 1390 est
641 1356 678 1389 et
709 1348 1011 1405 tranquillitas«
1071 1347 1205 1404 Atque
1238 1346 1340 1388 idem
1372 1345 1594 1403 Apostolus

102 1432 203 1475 idem
243 1440 513 1490 argumentum
547 1433 629 1488 jam
662 1440 775 1474 antea
806 1434 846 1473 in
878 1431 1057 1488 Epistola
1089 1430 1139 1473 ad
1172 1430 1327 1472 Galatas
1362 1427 1483 1483 (αἵ)
1517 1438 1596 1471 tra-

104 1524 293 1566 ctaverat,
329 1516 630 1574 ostenderatque
662 1530 779 1573 quam
810 1518 967 1573 penitus
1000 1518 1102 1557 inter
1134 1530 1174 1557 se
1198 1515 1364 1556 militent
1385 1514 1597 1571 depravata

103 1601 167 1643 illa
199 1600 323 1655 σάρξ,
358 1609 396 1642 et
428 1600 602 1642 divinum
635 1600 785 1642 homini
817 1616 839 1642 a
866 1600 950 1642 Deo
984 1601 1217 1656 inspiratum
1250 1601 1432 1653 πνεῦμα.
1481 1598 1597 1640 »Mo-

102 1700 176 1727 neo
211 1693 378 1735 autem«,
412 1686 542 1742 inquit
573 1681 626 1738 (v.
655 1682 739 1738 16),
774 1693 846 1726 »ut
868 1685 1016 1741 spiritu
1039 1681 1283 1738 (πνεύματι)
1307 1682 1524 1731 ambuletis,
1560 1690 1598 1723 et

104 1771 471 1827 concupiscentiam
503 1769 638 1811 carnis
669 1766 926 1823 (ἐπιθυμίαν
956 1765 1123 1825 σαρκὸς)
1156 1768 1264 1809 nullo
1287 1767 1407 1809 modo
1431 1766 1596 1822 amplius

102 1853 322 1911 perficietis.
389 1854 494 1896 Caro
527 1855 627 1895 enim
665 1853 912 1909 concupiscit
942 1850 982 1908 (ἧ
1016 1850 1122 1906 σὰρξ
1154 1848 1374 1905 ἐπιθυμεῖ)
1407 1850 1596 1892 adversus

103 1938 312 1995 spiritum,
356 1939 524 1994 spiritus
562 1946 691 1979 autem
732 1936 920 1978 adversus
955 1951 1130 1978 carnem.
1193 1935 1298 1976 Haec
1329 1937 1465 1991 utique
1497 1935 1597 1975 invi-

105 2037 185 2065 cem
219 2030 489 2079 opponuntur,
524 2030 640 2078 atque
670 2021 764 2062 haec
785 2006 889 2062 lucta
910 2035 983 2062 vos
1006 2019 1185 2076 impedit,
1221 2021 1432 2076 quominus
1455 2017 1597 2058 liberae

106 2106 300 2148 voluntati
339 2105 573 2162 obsequium
612 2106 859 2161 praestetis«
930 2103 1056 2146 Addit
1096 2111 1224 2145 autem
1267 2100 1327 2156 (v,
1360 2098 1461 2155 24);
1504 2101 1618 2158 »qui'

108 2189 256 2233 Christi
296 2197 390 2232 sunt
431 2204 596 2232 carnem
634 2203 721 2230 cum
757 2190 941 2246 passione
974 2188 1057 2243 ejus
1090 2195 1128 2229 et
1159 2187 1473 2243 concupiscentia
1505 2180 1598 2241 (τὴν

108 2274 242 2329 σάρκα
275 2270 353 2316 σὺν
383 2279 471 2323 τοῖς
502 2273 737 2329 παθήμασι
767 2275 838 2313 καὶ
868 2278 960 2321 ταῖς
982 2268 1250 2326 ἐπιθυμίαις)
1275 2272 1378 2312 cruci
1399 2270 1596 2311 fixerunt«

112 2383 159 2389 —-
184 2360 208 2399 i.
229 2373 261 2400 e.
285 2357 443 2400 eandem
467 2372 583 2415 quam
607 2356 789 2399 Christus
816 2359 897 2413 ipse
922 2358 1144 2398 ovationem
1165 2355 1423 2398 celebrarunt.
1467 2353 1597 2406 Quum

106 2441 249 2484 ibidem
280 2441 431 2484 fructus
462 2443 691 2499 utriusque,
732 2449 811 2483 tam
844 2442 979 2483 carnis
1011 2455 1127 2498 quam
1159 2440 1344 2495 spiritus,
1380 2438 1599 2479 dinumerat

109 2523 190 2580 (vv.
217 2523 432 2579 19—23),
466 2528 633 2583 propius
667 2527 778 2568 etiam
813 2524 951 2566 alludit
982 2524 1031 2566 ad
1063 2523 1223 2566 arbores
1246 2523 1329 2564 illas
1355 2521 1598 2564 discriminis

109 2617 148 2651 et
177 2610 282 2651 vitae
314 2611 354 2651 in
387 2609 609 2651 deliciarum
642 2609 760 2652 horto
795 2612 987 2659 consitas,
1022 2616 1060 2649 et
1084 2610 1196 2664 quasi
1218 2607 1409 2664 signifieat
1430 2606 1598 2648 reditum

110 2692 159 2734 ad
199 2695 377 2735 amissam
418 2693 656 2745 felicitatem,
699 2693 748 2735 ad
789 2693 963 2735 clausum
1000 2692 1107 2733 illum
1139 2691 1331 2741 Edenem,
1374 2693 1418 2732 iis
1451 2699 1595 2747 patere,

111 2779 178 2834 qui
224 2791 295 2834 per
335 2776 536 2819 Christum
576 2777 625 2819 ad
666 2778 876 2834 spiritalem
918 2779 1019 2818 vitae
1059 2774 1205 2817 fontem
1247 2777 1437 2817 accessuri
1477 2782 1596 2816 erant.

111 2859 275 2903 Talibus
327 2863 447 2911 enim,
495 2870 541 2903 ut
579 2861 725 2903 Psalmi
763 2860 950 2904 XXXVI.
999 2867 1137 2901 auctor
1185 2859 1411 2908 declaravit,
1459 2865 1598 2914 potum

109 2943 313 3002 praebebit
349 2943 456 2988 Deus
497 2960 516 2987 e
553 2944 713 2988 flumine
754 2945 996 2988 deliciarum
1033 2942 1204 2987 Suarum
1246 2939 1458 3014 (ηἾΓτΨ),
1507 2942 1599 2998 quia
