1867 3301
684 256 754 259 -f
780 188 959 260 7⁷45*-

75 333 193 374 ritum
226 332 427 380 militaret,
464 331 556 387 quia
589 329 904 383 concupiscentia
938 335 975 369 et
1006 312 1112 368 mors
1143 327 1182 367 in
1204 326 1338 383 pejore
1361 327 1569 382 compositi

76 416 246 457 hominis
278 424 419 456 natura
447 415 594 454 semina
617 428 688 453 sua
703 412 890 467 jacerent.
940 411 1113 453 Eandem
1137 410 1182 451 de
1204 418 1363 466 peccato
1387 418 1424 450 et
1446 418 1570 450 morte

77 514 126 540 ex
158 498 340 540 inferiore
372 499 550 554 appetitu
583 495 761 537 oriundis
795 497 1046 545 sententiam,
1081 509 1198 551 quam
1230 495 1345 534 nimis
1367 493 1572 534 confirmat

77 584 316 638 experientia
348 590 502 630 nostra,
537 580 741 622 Jehovista
773 578 989 635 symbolica
1011 577 1181 635 quadam
1213 592 1256 618 ac
1286 579 1452 634 mystica
1482 590 1571 617 nar-

76 667 227 706 ratione
260 664 386 706 fusius
420 666 596 721 exponit.
662 662 727 705 Sic
759 664 860 704 enim
892 678 972 703 rem
1006 662 1187 703 declarat.

197 748 327 802 Quum
350 748 456 789 Deus
489 747 686 788 hominem
710 761 759 788 ex
782 745 946 802 duplici,
982 760 1104 801 eaque
1128 746 1378 793 inconcinna,
1412 744 1570 784 materie

77 831 304 881 conflasset,
339 832 430 872 hinc
462 846 481 871 e
513 839 667 872 terreno
700 829 882 886 pulvere,
917 829 1021 870 illinc
1053 844 1072 870 e
1105 828 1262 869 coelesti
1287 829 1448 883 spiritu,
1483 841 1570 867 emn

76 917 214 971 utique
246 917 285 956 in
315 915 461 971 duplici
484 913 657 971 quodam
683 913 925 954 deliciarum
945 912 1061 954 horto
1085 908 1280 978 (ΓΝ-ζῇ)
1304 911 1511 952 collocavit
1530 906 1570 962 ¹).

78 996 176 1039 Nam
217 1000 256 1039 in
294 998 423 1039 medio
464 998 603 1047 horto,
646 1005 833 1054 tanquam
875 1005 1006 1038 centro
1044 996 1149 1037 unde
1183 1010 1317 1037 omnes
1349 996 1446 1035 istac
1479 993 1573 1034 deli-

79 1083 157 1122 ciae
197 1090 438 1132 emanarent,
482 1081 579 1122 duas
621 1081 801 1131 arbores,
846 1081 1004 1123 alteram
1045 1094 1171 1137 prope
1208 1079 1367 1121 alteram
1401 1079 1571 1119 consitas

80 1161 193 1217 (Gen.
216 1165 268 1214 ΙΙ,
294 1164 333 1207 9.
366 1165 433 1213 ΙΠ,
459 1162 516 1218 3),
551 1167 604 1207 ita
638 1165 854 1214 ordinavit,
889 1173 935 1206 ut
966 1164 1086 1205 altera
1117 1164 1228 1204 alteri
1260 1170 1450 1219 perpetua
1476 1175 1573 1217 qua-

80 1247 168 1288 dam
200 1256 317 1305 atque
349 1248 490 1290 infesta
522 1250 775 1305 oppositione
803 1256 1052 1305 repugnaret.
1101 1246 1187 1289 Una
1209 1247 1348 1287 harum
1371 1245 1570 1294 arborum,

80 1345 180 1387 quae
212 1330 331 1372 arbor
362 1333 481 1386 vitae,
515 1334 597 1373 sive
628 1332 957 1385 immortalitatis,
991 1339 1255 1387 nuncupatur,
1290 1331 1391 1370 inter
1423 1328 1572 1370 fructus

80 1428 174 1455 suos
208 1429 326 1456 aurea
357 1415 422 1456 illa
452 1415 598 1472 gaudia
628 1414 873 1472 proferebat,
913 1429 1013 1471 quae
1047 1414 1223 1455 divinum
1255 1413 1425 1454 hominis
1458 1414 1574 1469 spiri-

79 1506 182 1547 tum,
226 1513 346 1554 opera
386 1513 429 1539 ac
467 1498 602 1540 labore
643 1514 715 1540 suo
756 1501 829 1541 rite
870 1497 1164 1555 defungentem,
1208 1499 1248 1538 in
1288 1498 1367 1537 vita
1407 1505 1445 1537 et
1481 1504 1575 1552 post

80 1589 245 1622 mortem
283 1591 543 1638 prosecutura
583 1590 687 1623 sunt.
751 1582 887 1624 Altera
928 1581 1066 1631 arbor,
1109 1595 1209 1638 quae
1248 1588 1414 1621 vocatur
1456 1578 1575 1621 arbor

81 1666 321 1720 coynitionis
353 1666 554 1708 bonarum
583 1666 869 1723 malarumque
898 1680 1055 1719 rerum,
1091 1664 1235 1705 scilicet
1266 1664 1349 1719 ejus
1381 1665 1575 1720 cognitio-

79 1749 140 1788 nis
173 1762 272 1804 quae
306 1763 392 1790 curn
416 1749 623 1806 pubertate
649 1751 859 1806 conjuncta
884 1758 943 1791 est
975 1746 1039 1802 (cf.
1062 1748 1132 1789 Ies.
1151 1747 1237 1797 Vll,
1267 1745 1331 1796 15,
1356 1745 1422 1788 16.
1455 1746 1572 1787 Deut.

79 1831 113 1881 Ι,
146 1830 214 1874 39.
262 1831 335 1888 Ep.
366 1833 416 1873 ad
446 1832 566 1874 Hebr.
590 1832 640 1882 V,
676 1832 768 1886 14),
811 1833 875 1873 illa
917 1832 1124 1874 dumtaxat
1161 1830 1307 1888 gaudia
1337 1845 1410 1887 pro
1444 1829 1574 1872 fructu

81 1929 153 1960 suo
197 1915 439 1966 ostentabat,
481 1931 580 1973 quae
619 1931 791 1967 carnem,
835 1917 894 1958 vel
935 1917 1138 1958 animalem
1176 1916 1346 1956 hominis
1378 1922 1571 1963 naturam,

82 1997 276 2040 oblectare
299 1999 463 2050 debent3
497 2014 614 2057 quae,
649 2015 772 2056 quum
792 2002 919 2056 primo
945 2000 1090 2041 obtutu
1113 1998 1220 2040 bona
1242 2005 1475 2054 appareant,
1506 2011 1574 2037 ex-

80 2083 296 2138 perimento
330 2082 432 2124 facto
465 2084 584 2132 mala,
628 2084 685 2124 vel
716 2084 844 2124 saltim
875 2098 957 2125 non
987 2085 1042 2124 ita
1072 2082 1198 2131 bona,
1242 2096 1325 2124 esse
1359 2081 1575 2137 deprehen-

83 2164 242 2206 duntur.
306 2165 357 2207 Et
388 2180 509 2223 quum
542 2167 682 2207 hortus
715 2167 776 2207 ille
810 2169 940 2208 onmia
972 2168 1074 2207 vitae
1106 2173 1335 2207 ornamenta
1366 2173 1483 2221 atque
1515 2165 1575 2205 in-

82 2256 298 2290 strumenta
340 2234 575 2300 contineret,
626 2251 757 2291 omnia
797 2265 897 2307 quae
938 2252 1096 2300 suavia,
1147 2249 1293 2299 dulcia,
1337 2262 1500 2289 amoena
1538 2255 1576 2288 et

76 2332 254 2387 jucunda
302 2342 432 2375 essent
471 2334 531 2375 vel
570 2336 659 2375 visu
699 2334 760 2375 vel
806 2343 969 2390 gustatu
1010 2331 1082 2387 (ll,
1110 2331 1182 2387 9),
1234 2346 1434 2389 quumque
1482 2331 1576 2372 haec

84 2417 212 2456 omnia
252 2416 402 2458 homini
440 2417 573 2460 liceret
610 2433 684 2475 pro
724 2417 886 2460 arbitrio
921 2433 994 2459 suo
1027 2432 1220 2473 usurpare
1253 2413 1378 2469 (16),
1421 2422 1576 2456 constat

82 2501 246 2541 vetitum
293 2502 528 2557 cognitionis
575 2501 746 2543 fructum
793 2502 890 2543 nihil
937 2501 1044 2543 aliud
1087 2515 1171 2542 csse
1210 2514 1327 2556 quam
1369 2498 1574 2539 centralem

84 2584 197 2638 quasi
229 2586 566 2640 concupiscentiae
599 2587 697 2636 vim,
741 2601 841 2643 quae
873 2587 913 2627 in
945 2584 1093 2634 abusu,
1127 2583 1188 2624 vel
1218 2584 1338 2624 nimio
1372 2596 1450 2622 usu
1481 2581 1576 2622 deli-

85 2667 230 2707 ciarum
269 2682 408 2710 sensus
447 2678 644 2720 versatur,
695 2678 812 2726 atque
853 2668 903 2711 ob
946 2684 1029 2710 eam
1067 2682 1149 2709 rem
1190 2665 1237 2707 ab
1278 2665 1399 2707 altero
1441 2673 1574 2707 centro

186 2783 209 2827 ¹)
242 2783 343 2817 Haud
363 2785 433 2820 sine
452 2785 595 2821 consilio
617 2787 761 2832 scriptor
778 2786 987 2821 Jasharanus
1006 2785 1146 2820 verbum
1174 2788 1277 2836 [7533]
1303 2794 1320 2817 a
1346 2787 1413 2833 53³3
1434 2781 1499 2825 (ΙΙ,
1517 2780 1575 2825 15)

85 2853 253 2897 adhibuit;
288 2867 364 2889 nam
397 2857 459 2891 sub
486 2857 602 2893 Edene
635 2857 924 2904 praesignificatur
955 2857 1124 2903 promissa
1156 2854 1273 2901 populi
1307 2854 1405 2900 probi
1430 2857 1576 2897 requies

84 2923 141 2968 (cf.
168 2925 223 2960 Ps.
249 2925 358 2969 XCV,
385 2925 455 2971 11).
