1867 3301
800 183 898 232 263

101 341 189 368 reos
229 341 366 368 currus
407 328 446 367 in
487 340 606 367 unum
649 326 777 367 locum
811 335 1023 382 congregat
1058 350 1104 356 —
1142 323 1252 367 Sisra
1285 327 1405 367 aciem
1436 328 1597 368 instruit

108 434 154 441 -—
182 409 291 452 Sisra
331 410 506 451 devictus
544 409 644 466 fugit
679 434 724 439 —
759 408 890 451 Sisrae
922 424 1048 459 mors,
1094 424 1193 466 quae
1224 408 1370 451 bellum
1401 410 1594 459 finiverat,

100 494 256 536 Jahelae
288 494 385 535 male
417 493 519 534 illam
553 492 711 549 quidem
744 493 986 534 conciliatam
1008 488 1033 545 ¹)
1067 493 1232 549 gloriam
1264 493 1435 534 inchoat.
1492 492 1596 547 Quid

100 577 285 635 quaeris?
326 576 434 618 Sisra
467 578 558 626 isto,
600 592 681 618 non
713 576 898 626 Jabinus,
936 591 1145 632 personam
1183 578 1338 632 tyranni
1370 576 1518 626 induit,
1559 584 1598 618 et

98 660 263 703 ‹Jabinus
297 663 365 702 vix
397 669 465 701 aut
496 675 543 701 ne
569 662 637 701 vix
670 660 828 716 quidem
861 662 899 700 in
933 674 1085 701 scenam
1119 659 1265 716 prodit.
1317 659 1392 713 Qui
1426 661 1595 701 criticam

99 745 284 786 historiae
326 743 557 786 methodum
591 743 829 800 experiendo
864 745 1092 792 tentaverit,
1134 746 1166 783 is
1199 742 1376 799 profecto
1409 759 1491 785 non
1523 743 1597 785 du-

97 826 259 877 bitabit,
295 830 389 884 quin
421 827 600 877 Jabinus,
635 828 659 867 i.
687 842 718 868 e.
753 830 862 894 1⁸22,
899 826 1132 883 ”prudens,«
1166 827 1446 884 »intelligens,«
1479 842 1596 884 gene-

98 912 177 953 rale
210 920 313 954 esset
347 925 510 961 nomen,
553 913 635 952 sive
674 912 846 967 patrium
884 925 953 952 seu
985 912 1120 967 potius
1155 910 1378 967 epitheton,
1422 913 1597 952 omnium

98 997 270 1053 regionis
312 993 584 1037 Canaaniticae
625 1009 775 1052 regum.
839 994 989 1036 Eodem
1028 993 1148 1035 modo
1189 995 1410 1035 invenimus
1451 994 1598 1036 multos

100 1088 273 1121 veterum
318 1079 610 1136 Aegyptiorum
657 1077 919 1131 Pharaones,
974 1077 1280 1119 Philistaeorum
1326 1077 1596 1132 Abimelelcos,

101 1162 576 1220 Graeco-Aegyptiorum
622 1161 899 1216 Ptolemaeos,
953 1160 1267 1218 Babyloniorum
1318 1161 1596 1219 Labynnetos,

100 1245 381 1302 Cappadocum
411 1245 727 1299 Ariararathes,
770 1245 1027 1286 Ponticorum
1061 1244 1360 1299 mcliv-adata&
1401 1244 1598 1302 Syrorum

97 1329 442 1372 Rea-Hadados.
499 1329 550 1371 Et
590 1344 711 1386 quum
742 1328 908 1370 Jabinus
949 1329 1011 1370 ille
1044 1344 1219 1370 summus
1254 1330 1367 1386 quasi
1406 1337 1516 1370 muta
1548 1331 1600 1370 sit

98 1414 218 1470 hujus
258 1414 447 1455 historiae
488 1427 679 1469 persona,
727 1414 871 1454 rationi
915 1421 1220 1454 consentaneum
1261 1410 1596 1462 esset'arhitrari,

100 1496 249 1539 Sisram
286 1505 584 1554 procuratorem
624 1496 744 1538 fuisse
777 1498 987 1546 vicarium,
1030 1498 1098 1553 qui
1138 1498 1354 1538 mixtorum
1392 1496 1598 1537 hominum

99 1583 340 1638 provinciam
372 1583 558 1637 principis
592 1582 750 1622 nomine
783 1579 1100 1629 administrabat,
1141 1579 1349 1637 colligebat
1380 1579 1595 1636 vectigalia,

99 1674 136 1707 et
174 1679 295 1721 pensa
325 1666 428 1706 victo
462 1664 613 1721 populo
648 1663 824 1705 facienda
854 1663 1095 1721 imponebat.
1149 1662 1258 1717 Quae
1291 1666 1421 1705 omnia
1454 1665 1597 1705 certius

99 1749 294 1790 eliciamus
332 1749 420 1790 licet
459 1763 478 1789 e
510 1750 668 1789 nomine
707 1748 782 1789 loci
822 1748 925 1789 illius
965 1747 1035 1789 ubi
1075 1747 1205 1789 sedem
1246 1747 1596 1789 administrationis

99 1832 268 1875 habebat
290 1831 412 1874 Sisra.
454 1830 620 1874 Ubinam
653 1833 728 1873 sita
759 1831 879 1873 fuerit
910 1831 975 1872 illa
1008 1831 1115 1881 urbs,
1150 1845 1249 1888 quae
1282 1833 1322 1872 in
1349 1846 1459 1872 sacro
1482 1839 1598 1873 textu

98 1911 234 1976 ΠᾎἿΞΕΓ]
266 1919 424 1977 ΠΨἾῘᾎ
457 1915 690 1971 appellatur,
724 1917 867 1956 nemini
901 1914 1031 1956 adhuc
1062 1921 1306 1971 compertum
1330 1924 1400 1957 est.
1442 1914 1597 1957 Nemini

98 2008 227 2041 tamen
264 2001 446 2061 ignotum
482 2014 564 2040 esse
598 1998 730 2048 debet,
774 1998 871 2055 quid
911 2013 1053 2040 nomen
1092 1997 1201 2040 urbis
1236 1999 1439 2056 significet.
1497 1998 1598 2041 Nam

99 2083 261 2125 verbum
294 2080 430 2132 ΨἾΓΊ,
473 2082 582 2139 quod
621 2082 790 2124 radicem
823 2082 930 2124 verbi
971 2081 1172 2137 χαράσσω
1213 2081 1391 2133 exhibet,
1435 2082 1598 2125 denotat

100 2167 350 2224 »insculpsit,
355 2181 371 2200 «
406 2165 644 2208 »fabricatus
678 2174 757 2217 est3
769 2183 785 2201 «
819 2176 857 2208 et
878 2182 1022 2208 nomen
1044 2165 1272 2208 femininum
1294 2161 1471 2236 ΠΨἾΓΊ,
1505 2167 1596 2209 inde

99 2251 337 2300 derivatum,
373 2250 566 2306 significat
577 2249 902 2307 fabricationem
923 2251 1130 2307 liynovwn
1151 2251 1211 2292 vel
1233 2251 1432 2308 lapidum.
1476 2251 1596 2306 Quod

98 2349 191 2376 vero
232 2334 521 2390 explanationis
556 2334 615 2375 vel
657 2333 895 2376 definitionis
938 2336 1066 2391 gratia
1109 2334 1267 2376 additur
1297 2338 1451 2396 ΕᾏἹλῇ,
1493 2335 1594 2376 idem

99 2418 413 2474 supplementum
461 2419 634 2460 invenies
683 2420 723 2459 in
770 2420 929 2460 nomine
968 2420 1193 2474 provinciae
1235 2418 1444 2469 Galilaeae,
1494 2434 1594 2477 quae

201 2601 226 2640 ¹)
266 2600 446 2646 Sophistae
478 2599 528 2634 illi
563 2600 795 2642 Oxonienses,
830 2601 905 2646 qui,
945 2611 1048 2646 quum
1083 2605 1202 2646 quater
1234 2611 1320 2635 anno
1354 2606 1408 2635 tot
1440 2606 1472 2636 et
1502 2607 1594 2637 tanta

100 2664 350 2700 Christianismi
376 2672 550 2712 praecepta
567 2665 706 2708 violent,
734 2671 845 2700 tamen
872 2667 1061 2713 διεγείρειν
1077 2668 1116 2700 ἐν
1136 2664 1329 2713 ὑπομνήσει
1352 2666 1410 2710 τὴν
1426 2669 1594 2714 εἶλικρίνη

100 2730 265 2765 διάνοιαν
288 2730 500 2775 profitentur,
534 2734 648 2767 nescio
676 2732 728 2766 cui
756 2732 838 2766 vitio
866 2736 1056 2773 verterunt,
1091 2731 1183 2777 quod
1208 2731 1272 2765 hoc
1296 2731 1435 2767 Jahelae
1460 2733 1592 2768 facinus

100 2795 315 2841 improbaret.
360 2795 537 2842 Perperam
571 2798 600 2832 is
628 2809 706 2832 sane
733 2809 859 2832 sacram
888 2796 1095 2843 Scripturam
1122 2798 1381 2844 interpretatur,
1415 2800 1473 2845 qui
1499 2810 1593 2834 men-

101 2861 251 2903 dacium,
284 2860 475 2907 perfidiam,
509 2862 643 2899 crudele
669 2863 867 2898 dormientis
894 2863 1040 2909 hospitis
1066 2863 1302 2906 homicidium,
1331 2863 1401 2899 Deo
1428 2865 1493 2910 ipsi
1519 2863 1590 2910 pla-

101 2927 211 2962 cuisse
237 2927 416 2962 existimat.
