1867 3301
258 345 329 386 per
367 332 401 375 D
442 332 587 385 scripta
625 331 663 369 in
703 329 837 385 lingua
875 326 1020 369 Graeca
1059 327 1289 385 plerumque
1327 327 1498 370 habeant
1535 343 1607 379 x«,
1649 343 1748 385 quae

259 414 479 470 euphoniae
512 415 637 469 gratia
670 414 706 452 in
740 411 867 453 media
900 426 993 452 voce
1026 410 1260 468 duplicatur.

375 496 523 537 Mariae
563 495 835 551 prophetissae
876 511 956 536 non
994 496 1171 536 minimas
1211 494 1331 536 fuisse
1372 497 1410 536 in
1442 495 1519 536 hoc
1550 497 1747 552 poematio

259 579 466 637 pangendo
499 588 630 636 partes
663 578 752 620 inde
785 578 991 629 concludo,
1027 578 1135 635 quod
1164 594 1197 619 v.
1218 577 1274 620 20
1306 578 1516 620 inducatur
1546 578 1629 628 illa,
1662 586 1743 620 tan-

260 678 376 720 quam
408 662 602 719 praesecta
635 663 763 712 chori,
798 671 836 703 et
862 662 971 719 quod
990 662 1141 711 Micha,
1176 676 1296 718 quum
1320 661 1369 702 ad
1391 662 1533 703 librum
1555 670 1747 712 nostrum,

260 756 304 787 ut
341 746 531 796 vidimus,
576 746 780 788 manifesto
820 748 999 802 respicit,
1039 745 1203 787 Mariam
1247 760 1333 786 cum
1372 745 1484 786 Mose
1524 754 1562 786 et
1591 744 1749 787 Aarone

260 839 556 880 commemorat,
598 832 698 871 inter
731 829 868 880 duces,
912 831 979 886 qui
1010 829 1202 870 Israelitas
1236 845 1254 870 e
1286 837 1390 870 terra
1421 830 1621 870 servitutis
1655 827 1750 869 edu-

259 916 412 954 xissent
444 910 533 966 (Vl,
556 910 614 966 4).
664 913 869 954 Praeterea
901 912 1081 953 Deborae
1113 912 1263 953 facinus
1297 921 1334 952 et
1366 913 1558 953 canticum
1590 911 1751 953 demon-

260 1005 404 1046 strant,
440 1005 682 1053 quantopere
717 1005 807 1037 tunc
834 998 1021 1052 temporis
1045 996 1189 1037 valeret
1211 995 1417 1037 mulierum
1437 996 1592 1052 poetico
1616 993 1750 1036 afflatu

259 1080 525 1139 praeditarum
557 1082 784 1121 auctoritas.

377 1164 435 1205 De
468 1166 617 1205 cantico
650 1166 738 1220 ipso
772 1178 853 1204 non
886 1178 988 1219 opus
1022 1171 1081 1204 est
1112 1171 1157 1203 ut
1180 1162 1346 1218 plurima
1368 1161 1567 1203 disseram.
1615 1158 1751 1218 Neque

260 1250 360 1300 ¹enim
400 1248 477 1288 ulla
519 1256 578 1287 est
616 1249 656 1287 in
698 1246 826 1288 verbis
866 1245 1094 1296 difficultas,
1137 1261 1245 1303 quae*
1278 1246 1336 1287 vel
1375 1247 1523 1287 tirones
1562 1253 1749 1286 moretur.

262 1330 384 1372 Chori
417 1330 615 1371 muliebris
637 1330 893 1386 Ephymnion
926 1338 1012 1372 ante
1045 1345 1081 1370 V.
1110 1328 1163 1370 14
1194 1331 1432 1386 interposui,
1466 1328 1535 1370 ubi
1561 1328 1751 1386 quaedam

261 1417 373 1472 quasi
413 1429 537 1471 pausa
576 1415 790 1470 conspicua
828 1421 898 1454 est.
964 1412 1094 1467 Quum
1126 1412 1290 1454 verbum
1322 1417 1420 1480 Πζξξ
1460 1412 1510 1453 ad
1546 1412 1752 1453 elationem

260 1500 378 1539 animi
410 1497 702 1554 exprimendam
736 1495 981 1546 adhibeatur,
1020 1498 1240 1538 versionem
1273 1495 1684 1554 septuagintaviralem
1715 1504 1754 1537 et

259 1582 545 1637 Hieronymum
577 1595 743 1637 sequens
776 1579 827 1620 ad
855 1580 1128 1636 gloriationem
1151 1580 1324 1621 Jehovae
1345 1594 1425 1621 rem
1446 1579 1591 1621 rettuli.
1635 1577 1753 1632 Quod

259 1667 414 1722 poetria
447 1664 492 1704 de
525 1647 708 1725 ΕᾞἾῖἳξέ
738 1665 761 1704 i.
786 1678 818 1704 e.
844 1662 1086 1720 phylarchis
1117 1664 1177 1705 vel
1210 1662 1440 1705 chiliarchis
1470 1664 1605 1720 potius
1636 1676 1753 1718 quam

262 1748 308 1789 (le
340 1748 503 1804 reqibus
532 1747 736 1788 Idumaeae
768 1747 945 1803 loquitur
978 1743 1032 1799 (v,
1061 1744 1152 1799 15),
1195 1746 1234 1787 id
1266 1745 1488 1787 subindicat
1518 1753 1751 1787 vetustatem

262 1833 462 1881 carminis3
496 1846 584 1872 nam
615 1831 786 1872 Idumaei
818 1845 927 1887 reges
960 1829 1158 1871 habebant
1190 1839 1396 1886 antequam
1418 1828 1612 1871 Israelitae
1641 1844 1754 1871 mon-

263 1916 392 1957 archia
431 1914 644 1956 utebantur
677 1911 799 1967 (Gen.
829 1911 1042 1966 XXXVI).
1106 1913 1294 1970 Ejusdem
1330 1915 1385 1955 rei
1418 1921 1647 1970 argumento
1680 1921 1750 1963 est,

263 1999 373 2057 quod
402 1999 447 2040 de
470 1998 691 2039 Philistaeis
725 2006 762 2038 et
782 1996 973 2038 Idumaeis
1007 2005 1043 2038 et
1064 1996 1265 2047 Moabitis‚
1292 2011 1393 2054 quos
1416 2011 1435 2038 e
1456 2005 1559 2038 terra
1579 1995 1753 2053 Aegypti

263 2083 383 2139 elapsi
425 2083 501 2123 hoc
534 2081 670 2123 ordine
704 2080 848 2121 adituri
881 2089 1011 2130 erant,
1054 2089 1091 2121 et
1123 2080 1169 2122 de
1200 2082 1369 2122 transitu
1400 2095 1470 2137 per
1501 2080 1571 2121 has
1602 2087 1751 2136 gentes,

264 2169 376 2222 quasi
408 2168 448 2206 in
480 2165 632 2207 deserto
666 2179 851 2221 praesens
883 2164 1061 2221 loquitur
1091 2161 1172 2217 (vv.
1201 2161 1402 2217 14-16).
1448 2161 1754 2205 Habitationem

263 2249 489 2290 sanctitatis
520 2263 600 2289 non
634 2263 716 2288 esse
751 2247 1015 2297 Cananaeam,
1057 2247 1126 2288 sed
1157 2255 1328 2289 montem
1362 2246 1471 2288 Sinai
1502 2245 1571 2288 ubi
1601 2246 1754 2287 Jehova

265 2348 304 2374 se
337 2332 487 2389 populo
522 2346 594 2372 suo
629 2346 778 2372 summa
802 2331 1002 2386 majestate
1026 2330 1299 2381 manifestavit,
1334 2332 1428 2371 satis
1452 2328 1624 2371 ostendit
1644 2329 1752 2371 locus

266 2417 326 2458 illc
349 2416 665 2464 Deuteronomii,
701 2428 814 2471 quem
848 2428 968 2469 supra
992 2415 1235 2468 interpretati
1262 2428 1397 2454 sumus
1421 2410 1553 2466 (Deut.
1570 2411 1751 2462 XXXIII,

266 2499 291 2540 2
324 2497 443 2555 sqq).
508 2497 776 2547 Abcn-Esra,
819 2498 930 2553 cujus
970 2496 1063 2537 haec
1101 2499 1291 2537 sententia
1323 2504 1402 2546 est,
1443 2510 1599 2537 versum
1629 2494 1754 2536 unde-

266 2584 491 2623 vicesimum
514 2596 715 2638 perperam
739 2581 830 2621 huic
852 2582 999 2621 cantico
1024 2588 1208 2621 accenset.
1256 2579 1388 2620 Moses
1411 2588 1539 2620 autem
1560 2577 1753 2620 Nachma-

266 2665 388 2714 nidcs,
424 2667 483 2705 cui
507 2665 639 2706 Moses
661 2664 902 2706 Mendelides
936 2665 1157 2712 assentitur,
1194 2677 1345 2704 carmen
1377 2671 1554 2704 nostrum
1578 2664 1618 2704 in
1639 2678 1676 2703 v.
1699 2660 1753 2704 18

268 2748 442 2789 desinere
483 2747 707 2789 arbitratur.
773 2747 890 2802 Quod
930 2747 1023 2788 mihi
1057 2761 1232 2803 quoquc,
1274 2755 1367 2802 post
1397 2745 1749 2795 Rosenmstsserum,

269 2833 511 2872 verissimum
543 2832 709 2873 videtur.
756 2829 855 2872 Nam
887 2847 920 2871 v.
944 2829 996 2872 19
1029 2845 1098 2871 nec
1129 2844 1313 2871 numeros
1345 2844 1415 2871 nec
1447 2843 1603 2872 sensum
1634 2827 1753 2870 habet

266 2917 476 2970 poeticum.
