1867 3301
223 360 333 392 scant
364 347 594 402 (Dssdcrlein
621 347 839 389 Comment.
865 348 911 388 de
942 346 1078 388 vocal).
1106 345 1341 402 τηλύγετος.
1383 347 1539 405 Erlang.
1569 346 1712 401 1825).

221 434 293 475 His
315 435 516 490 perpensis
535 432 854 474 verisimillimum
877 439 936 472 est
955 431 1074 472 Isaaci
1097 446 1239 472 nomen
1253 434 1471 488 respexisse
1490 431 1539 474 ad
1555 432 1715 473 effusam

224 518 324 558 illam
357 518 560 565 laetitiam,
596 530 674 572 qua
704 523 885 571 parentes
918 513 1040 555 filium
1073 517 1111 555 in
1144 523 1297 556 senecta
1318 517 1493 572 genitum
1515 517 1717 571 excipiunt

438 598 600 653 μοῦνον
630 596 859 653 τηλύγετον
890 596 1113 640 πολλοῖσιν
1145 596 1214 639 ἐπὶ
1244 597 1495 647 κτεάτεσσιν,

224 698 340 739 quam
373 691 502 723 autem
533 682 786 723 Abrahamus
828 680 1035 737 splendido
1069 681 1271 738 epularum
1305 691 1497 738 apparatu
1529 678 1715 750 (ripum

226 766 321 807 Gen.
345 766 460 816 XXI,
485 763 535 819 8)
570 764 839 807 celebrandam
873 766 1037 805 censuit.

345 849 476 904 Quum
507 864 601 891 vero
635 848 886 890 Abrahamus
931 857 969 889 et
1001 847 1126 889 Sarah
1159 848 1261 889 illius
1294 851 1422 917 ΡἾΓῚΞ
1455 862 1588 890 omnes
1621 863 1715 890 suos

223 935 433 990 participes
465 932 547 974 fieri
575 933 735 982 vellent,
770 934 902 973 mirari
935 930 1089 981 subest,
1122 931 1326 972 Ismaelum
1359 946 1408 974 ex
1438 934 1566 987 patria
1597 931 1715 974 domo

225 1017 435 1073 expulsum
483 1031 585 1065 esse,
637 1016 843 1057 dumtaxat
882 1023 1092 1071 propterea
1132 1014 1241 1070 quod
1281 1013 1407 1056 Sarah
1447 1030 1534 1056 eum
1573 1018 1716 1083 ΡΓἾΨΩ

225 1102 496 1156 conspexisset
529 1097 641 1151 (Gen.
664 1099 779 1148 XXI,
806 1096 862 1152 9).
925 1098 1161 1154 Praecipuas
1195 1097 1241 1139 de
1274 1098 1347 1139 hae
1378 1113 1474 1139 voce
1507 1101 1716 1141 sententias

225 1185 446 1224 summatim
488 1184 731 1223 enumeravit
764 1181 810 1223 G.
840 1182 889 1222 A.
925 1180 1200 1223 Schumannus
1235 1178 1310 1233 (ad
1341 1181 1364 1222 l.
1398 1179 1540 1234 Gen.):
1589 1181 1718 1237 »Quia

223 1282 305 1308 uon
337 1266 513 1307 additum
547 1274 622 1315 est,
659 1280 773 1322 quem
794 1265 929 1307 Ismael
961 1264 1132 1306 ludibrio
1164 1264 1366 1315 hahuerit,
1399 1267 1508 1306 varia
1529 1264 1718 1311 subaudi-

225 1359 367 1391 verunt
405 1352 650 1406 interpretes.
714 1349 793 1390 Alii
835 1348 1094 1405 conjiciebant
1125 1348 1328 1390 Ismaelum
1360 1349 1428 1404 jus
1467 1351 1719 1407 primogeniti

217 1435 432 1489 jactantem
464 1435 632 1474 irrisisse
662 1433 858 1483 Isaacum,
892 1432 975 1482 alii,
1008 1432 1212 1473 Ismaelum
1236 1434 1361 1474 omnis
1389 1435 1541 1490 generis
1563 1434 1716 1489 injuriis

225 1516 395 1558 affecisse
435 1516 636 1558 Isaacum«
680 1514 745 1569 (id
784 1531 832 1557 ex
864 1516 1030 1557 Paulino
1072 1514 1220 1556 ἐδίωκε
1253 1515 1336 1558 Gal.
1365 1516 1432 1566 IV,
1465 1515 1520 1559 29
1562 1516 1720 1559 deducit

224 1596 537 1653 Rosenmiiller);
573 1600 662 1640 »alii
687 1599 889 1641 Ismaelum
922 1599 984 1640 vel
1007 1598 1144 1641 Saram
1177 1600 1237 1640 vel
1268 1602 1309 1640 in
1341 1602 1522 1641 convivio
1550 1599 1718 1642 ablacta-

224 1685 343 1724 tionis
391 1691 571 1740 parentes
619 1692 657 1724 et
703 1685 889 1724 convivas
936 1683 1176 1740 gratulantes
1221 1683 1441 1724 cavillatum
1484 1697 1589 1733 esse3
1640 1683 1715 1734 alii,

223 1767 427 1808 Ismaelum
460 1766 704 1808 idololatriae
736 1766 959 1808 studiosum
992 1766 1112 1807 fuisse
1144 1775 1183 1808 et
1213 1766 1439 1808 hereditatis
1472 1781 1588 1808 causa
1614 1766 1718 1808 Isaa-

226 1866 313 1892 cum
347 1849 601 1891 occidendum
634 1865 830 1892 curasse«
882 1850 969 1892 Huc
1001 1850 1147 1891 accedit
1178 1850 1292 1906 plane
1325 1850 1533 1907 singularis
1564 1849 1718 1892 Gesenii

227 1936 360 1991 opinio
385 1930 597 1987 (Thesaur.
633 1949 662 1975 s.
687 1951 723 1976 v.
758 1931 901 2003 ΡΓ-Ὶξ),
937 1936 1003 1990 qui
1034 1937 1179 2003 'Pl-lgm
1215 1934 1470 1987 exultantem,
1504 1934 1718 1976 saltantem

225 2018 373 2067 reddit,
417 2026 455 2058 et
496 2017 648 2074 adjicit:
692 2019 943 2059 »convivium
986 2019 1086 2059 enim
1123 2025 1235 2074 pater
1274 2019 1516 2068 instituerat,
1557 2019 1596 2058 in
1637 2032 1716 2074 quo

226 2101 369 2142 filiolus
403 2101 581 2142 saltando
615 2116 758 2143 novam
790 2104 955 2159 gratiam
986 2101 1111 2143 inibat
1142 2116 1164 2142 a
1184 2109 1306 2158 patre.
1358 2100 1444 2155 Qua
1465 2115 1506 2142 re
1528 2115 1718 2142 novercae

226 2185 374 2225 invidia
414 2193 452 2226 et
488 2185 686 2241 zelotypia
719 2187 772 2226 ita
803 2187 1035 2227 resuscitata
1067 2194 1142 2235 est,
1185 2193 1231 2226 ut
1260 2186 1372 2241 pueri
1404 2186 1619 2241 matrisque
1650 2199 1719 2226 ex-

224 2268 447 2324 pulsionem
479 2283 501 2308 a
521 2270 661 2309 marito
688 2268 922 2325 flagitaret«,
956 2277 994 2310 et
1014 2271 1069 2310 rei
1091 2269 1390 2309 illustrationem
1412 2270 1511 2324 petit
1532 2283 1554 2308 a
1573 2267 1715 2309 Matth.

224 2351 331 2402 XIV,
357 2350 396 2393 6.
459 2351 568 2393 Hanc
608 2353 837 2392 sententiam
878 2351 1043 2392 adscivit
1083 2353 1331 2408 nuperrimus
1367 2350 1561 2393 Geneseos
1599 2353 1718 2392 inter-

224 2450 314 2492 pres
354 2435 564 2493 Augustus
595 2434 771 2484 Knobel‚
814 2436 879 2490 qui
920 2442 1113 2491 provocat
1154 2433 1203 2474 ad
1233 2433 1308 2475 Ex.
1339 2433 1510 2484 XXXII,
1542 2432 1580 2476 6.
1623 2433 1715 2476 Jud.

223 2517 339 2568 XVI,
363 2517 432 2560 25.
467 2518 493 2560 2
517 2517 623 2561 Sam.
641 2518 713 2568 Vl,
739 2516 777 2568 5,
813 2526 850 2559 et
880 2526 998 2575 negat
1028 2518 1146 2559 ullam
1178 2519 1370 2559 irrisionis
1395 2517 1717 2574 significationem

225 2601 345 2644 radici
377 2605 485 2670 Ῥῌξ
517 2602 692 2644 subesse.
741 2601 796 2643 At
827 2616 920 2643 vero
954 2603 994 2642 in
1026 2600 1151 2642 forma
1172 2601 1343 2642 Pihelica
1375 2603 1450 2642 ista
1481 2600 1596 2642 radix
1621 2615 1718 2658 qua·

225 2685 455 2742 lemcunque
487 2685 648 2727 ludendi
676 2685 843 2727 abusum
865 2694 902 2727 et
925 2699 1125 2726 excessum
1149 2684 1362 2742 significat,
1396 2693 1442 2726 ut
1462 2685 1592 2726 lusum
1614 2699 1718 2726 ama-

225 2771 371 2810 torium
407 2766 527 2821 (Gen.
558 2769 713 2819 XXVI,
746 2768 785 2811 8.
825 2767 1020 2818 XXXIX,
1057 2766 1130 2817 14,
1163 2765 1239 2820 17)
1281 2777 1318 2809 et
1350 2771 1559 2810 vanitatem
1599 2767 1714 2817 illius,

227 2855 294 2909 qui
325 2867 396 2909 per
425 2854 664 2908 jocationem
697 2852 896 2894 mendacia
927 2850 1078 2908 profert
1111 2848 1231 2904 (Gen.
1263 2850 1380 2901 XIX,
1414 2848 1505 2903 14).
1570 2849 1716 2905 Quidni

225 2938 346 2993 igitur
384 2936 462 2978 hoc
500 2936 586 2977 loco
628 2935 801 2992 ejusdem
841 2935 987 2978 formae
1025 2936 1274 2991 participium
1317 2933 1476 2976 denotet
1511 2933 1715 2975 Ismaelum
