1867 3301
942 198 1038 243 146

245 337 355 380 Talia
388 339 488 378 enim
515 338 617 393 jussi
651 345 718 378 aut
750 345 890 393 sponte
923 335 1193 393 proferebant:
1236 334 1397 391 ἔφυγον
1428 332 1572 385 κακόν,
1611 330 1738 393 εὗρον

244 421 445 476 ἄμεινον]
479 419 604 474 (Dem.
632 419 724 462 Cor.
748 435 786 477 p.
813 416 938 472 313);

608 519 825 575 εὐδαίμων
856 523 934 574 μὲν
966 519 1013 569 ὅς
1045 519 1088 560 ἕκ
1119 519 1344 575 θαλάσσης

605 591 737 647 ἔφυγε
767 592 892 645 κῦμα,
926 590 1078 645 λιμένα
1112 589 1152 632 δ’
1177 589 1333 643 ἔκιχεν·

606 662 824 717 εὐδαίμων
857 657 899 703 δ’
924 661 971 710 ὂς
1002 661 1169 716 ὕπερθε
1200 662 1384 716 μόχθων

607 734 770 786 ἐγένετο
805 732 957 791 (Eurip.
982 734 1122 775 Bacch.
1150 733 1234 776 900
1259 731 1377 791 sqq.).

244 839 308 888 Et,
345 836 452 894 quod
485 836 620 878 eodem
652 837 822 891 pertinet
855 832 998 890 (Soph.
1025 835 1273 891 Tympanist.
1298 834 1342 876 sr.
1368 832 1491 888 563);

443 931 538 985 φεῦ,
572 930 665 987 φεῦ,
697 933 738 971 τί
766 927 920 971 τούτου
952 930 1097 984 χάρμα
1128 928 1270 983 μεῖζον
1302 930 1357 971 ὀὲν
1388 925 1548 982 λα’βοις,

441 1003 516 1044 τοῦ
545 1005 620 1057 γῆς
651 1001 956 1058 ἐπιψαύσαντα
988 999 1097 1053 κᾷθ’
1121 998 1204 1042 ὑπὸ
1238 1002 1358 1059 στέγῃ

444 1074 604 1129 πυκνῆς
636 1071 817 1114 οἰκοῦσαι
848 1072 1044 1128 ψεκάδος
1075 1070 1256 1131 εὗδούσῃ
1289 1074 1424 1129 φρενί,

246 1184 359 1226 quem
398 1169 528 1210 locum
571 1170 692 1211 citans
726 1166 862 1210 Cicero
897 1166 964 1222 (ad
994 1168 1079 1210 Att.
1101 1169 1152 1218 Il,
1177 1166 1220 1221 7)
1253 1167 1303 1209 ad
1333 1168 1607 1209 Lucretianum
1639 1167 1735 1209 illud

245 1253 387 1294 diserte
418 1260 586 1310 spectat:
620 1254 806 1309 »cupi0‚«
839 1254 980 1309 inquit,
1016 1254 1206 1294 »istorum
1240 1251 1443 1308 naufragia
1477 1266 1525 1292 ex
1549 1259 1652 1293 terra
1678 1252 1736 1292 in-

247 1339 386 1379 tueri.‹<

360 1420 418 1462 Ita
449 1419 627 1460 videmus
661 1418 829 1461 Graecos
871 1433 1030 1476 quoque
1073 1419 1236 1461 salutem
1270 1434 1351 1475 per
1383 1433 1522 1476 aquam
1555 1433 1641 1460 cum
1674 1433 1736 1460 sa-

242 1504 323 1546 lute
356 1519 405 1545 ex
438 1518 538 1560 aqua
562 1503 826 1559 conjunxisse,
861 1502 1096 1559 eosdemque
1126 1502 1297 1545 exodum
1320 1518 1339 1543 e
1360 1504 1519 1559 regione
1540 1504 1734 1558 nequitiae

243 1583 564 1643 miseriarumque
596 1594 635 1627 et
665 1586 874 1628 adventum
907 1588 947 1627 in
978 1594 1120 1627 terram
1152 1586 1444 1642 tranquillitatis
1477 1585 1525 1626 ad
1553 1586 1736 1641 purifica-

242 1673 389 1712 tionem
421 1670 522 1711 illam
556 1678 593 1711 et
620 1671 876 1711 initiationem
898 1670 1132 1726 relligiosam
1155 1669 1363 1711 rettulisse.
1405 1669 1521 1710 Haud
1542 1671 1733 1711 immerito

243 1756 364 1810 igitur
400 1754 548 1795 Paulus
590 1753 851 1795 Israelitarum
899 1752 946 1793 ab
986 1752 1172 1810 Aegypto
1221 1752 1370 1809 sugam,
1417 1752 1558 1793 Petrus
1605 1760 1733 1794 autem

242 1835 394 1879 Noachi
427 1852 447 1878 a
480 1837 628 1878 diluvio
663 1838 1019 1886 conservationem,
1062 1851 1147 1877 cum
1182 1836 1381 1877 christiani
1411 1834 1595 1892 baptismi
1626 1851 1736 1893 rege-

243 1923 443 1962 neratione
476 1920 767 1977 comparabant.
816 1920 872 1961 At
903 1922 1099 1961 enimvero
1128 1927 1283 1960 caverat
1302 1919 1456 1969 Petrus,
1490 1934 1537 1961 ne
1558 1926 1732 1961 nostram

244 2004 405 2045 salutem
448 2012 485 2045 et
516 2011 692 2046 aeternae
725 2005 827 2044 vitae
858 2005 1161 2045 reservationem
1196 2004 1308 2058 quasi
1341 2017 1457 2058 opere
1490 2010 1652 2059 operato
1684 2017 1732 2043 ex

241 2087 438 2143 baptismo
470 2087 666 2143 profluere
700 2088 1024 2127 existimaremus.
1073 2084 1171 2126 Nam
1205 2100 1325 2142 quum
1353 2085 1515 2126 salutem
1536 2085 1731 2142 baptismo

243 2169 505 2219 attribuisset,
555 2170 664 2211 addit
708 2178 837 2211 tamen
879 2167 930 2210 οὗ
970 2166 1125 2224 σαρκὸς
1165 2166 1377 2217 ἀπόθεσις
1416 2166 1571 2222 ῥύπου,
1618 2165 1729 2210 ἄλλα

243 2251 520 2307 συνειδήσεως
551 2249 723 2307 ἀγαθῆς
754 2251 1002 2307 ἐπερώτημα
1024 2252 1083 2300 εἰς
1104 2251 1225 2294 θεόν.
1263 2252 1456 2308 Aliusque
1478 2260 1615 2293 auctor
1636 2266 1733 2308 apo-

242 2335 404 2376 stolicus
439 2336 712 2377 conscientiam
744 2335 847 2375 illam
881 2350 967 2376 cum
994 2350 1095 2391 aqua
1115 2335 1300 2391 baptismi
1322 2334 1581 2391 copulandam
1603 2342 1732 2376 censet

243 2415 378 2470 (lIebr.
402 2418 459 2468 X,
485 2415 578 2471 22):
611 2413 973 2473 προσερχώμεθα,
1006 2419 1146 2473 inquit,
1179 2414 1284 2470 μετὰ
1317 2414 1529 2472 ἀληθινῆς
1553 2415 1732 2470 καρδίας

242 2498 288 2540 ἒν
309 2499 582 2555 πληροφορίᾳ
604 2501 782 2548 πίστεως
813 2498 1225 2556 ῥεραντισμένοι
1256 2495 1348 2547 τας
1378 2498 1600 2552 καρδίας
1625 2494 1728 2540 «ind

243 2582 594 2637 συνειδήσεως
624 2585 866 2639 πονηρᾶς
898 2584 968 2623 καὶ
1000 2581 1248 2635 λελουμένοι
1279 2579 1326 2622 τὸ
1361 2584 1482 2635 σῶμα
1506 2580 1632 2623 ὕδατι
1652 2596 1730 2622 κα-

239 2666 382 2721 θαρῷ.
431 2666 623 2708 Israelitas
657 2660 816 2723 qu‘oque
849 2665 1008 2707 eandem
1040 2666 1258 2706 cautionem
1291 2664 1475 2706 adhibere
1507 2663 1727 2721 oportebat.

238 2744 376 2803 Neque
415 2750 515 2789 enim
555 2756 717 2805 propter
748 2764 820 2790 sua
857 2751 1035 2805 ipsorum
1075 2750 1210 2790 merita
1251 2748 1360 2789 electi
1399 2755 1491 2789 suut
1520 2747 1726 2798 Israelitae‚

240 2836 278 2871 et
317 2828 364 2870 ab
396 2829 641 2887 Aegyptiaca
680 2834 867 2873 servitute
905 2831 1075 2874 liberati:
1123 2830 1191 2872 sed
1230 2839 1275 2872 ut
1310 2831 1559 2886 probitatem
1597 2827 1726 2897 (Ἶῖᾅξ)

238 2919 500 2968 praestarent,
535 2913 777 2957 idololatriac
810 2917 1178 2958 contaminationem
1201 2915 1381 2964 vitarent,
1415 2922 1453 2956 et
1472 2927 1602 2955 veram
1625 2912 1728 2954 relli—
