1867 3301
818 203 1090 275 -79-7

210 349 438 404 spitatorem
480 348 607 401 ipsum
647 358 726 384 uon
769 343 850 383 aliis
886 341 1069 398 peccandi
1104 341 1446 385 sollicitationibus
1481 342 1698 385 obnoxium

212 429 348 478 fuisse,
385 443 500 485 quam
534 441 632 483 quae
665 442 683 467 e
717 440 829 467 carne
861 425 1029 466 humana
1062 434 1204 482 sponte
1236 441 1308 467 sua
1329 426 1547 481 profluunt.
1593 426 1698 468 Illam

213 517 251 554 in
283 512 435 554 deserto
468 513 723 552 tentationem
755 508 852 549 nihil
883 522 1029 549 moror.
1075 508 1208 550 Jesum
1241 511 1341 551 enim
1372 509 1446 550 hac
1477 511 1699 552 narratione

212 596 455 652 depinxisse,
492 608 607 650 quam
640 591 870 649 periculosis
895 606 981 633 cum
1004 591 1309 649 cogitationibus
1332 592 1558 642 luctaretur,
1593 601 1701 635 ante-

212 694 327 736 quam
359 677 408 718 ad
442 676 606 719 docendi
637 690 780 717 munus
814 690 901 716 cum
923 675 1080 717 coelesti
1101 678 1278 732 potentia
1300 677 1553 732 conjunctum
1575 689 1701 718 acces·

210 765 343 811 sisset,
386 762 514 817 quivis
554 759 695 802 viderit
716 754 754 811 ¹).
819 758 971 801 Auctor
1009 767 1137 804 autem
1175 758 1375 816 Epistolae
1415 759 1464 800 ad
1499 759 1700 802 Hebraeos

213 843 293 899 (IV,
318 841 388 897 15)
417 843 558 885 diserte
591 842 777 884 affirmat:
811 839 862 882 οὗ
883 841 961 897 γὰρ
985 839 1137 896 ἔχομεν
1159 839 1356 897 ἀρχιερέα
1377 838 1434 898 μὴ
1460 841 1700 897 δυνάμενον

215 929 498 982 συμπαθῆσαι
528 932 620 974 ταῖς
657 920 973 973 ἄσθενείαις
1008 922 1140 979 ἡμῶν,
1182 926 1606 981 πεπειρασμένον
1645 924 1701 966 δὲ

213 1006 342 1051 κατὰ
376 1007 551 1051 πάντα
586 1005 694 1049 καθ’
719 1005 947 1062 ὁμοιότητα
980 1009 1135 1062 χωρὶς
1166 1005 1440 1062 ἁμαρτίας.
1486 1007 1538 1049 Et
1558 1010 1591 1049 si
1613 1009 1701 1065 quis

211 1102 335 1151 roget,
360 1108 549 1150 quaenam
567 1094 645 1133 sint
666 1093 761 1132 istae
778 1091 1037 1149 infirmitates
1053 1092 1134 1131 sive
1157 1087 1394 1139 ἀσθένειαι,
1416 1098 1573 1147 praesto
1592 1090 1702 1133 adest

212 1177 361 1220 Christi
383 1179 507 1232 ipsius
531 1176 687 1217 effatum
712 1171 869 1227 (Matth.
889 1173 1037 1223 XXVI,
1055 1170 1152 1226 41):
1184 1171 1230 1214 ‘cd
1253 1176 1331 1227 μὲν
1360 1173 1564 1227 πνεῦμα
1595 1172 1702 1229 πρό-

216 1262 370 1315 θυμον,
403 1256 425 1314 ἦ
461 1258 507 1299 δὲ
540 1255 670 1312 σάρξ
702 1253 958 1311 ἀσθενής,
993 1258 1180 1313 »spiritus
1213 1255 1371 1313 quidem
1394 1266 1603 1314 promptus
1628 1267 1698 1307 est,

212 1358 307 1385 caro
340 1351 469 1384 autem
501 1342 709 1400 infirma«
756 1340 813 1381 lta
846 1342 945 1381 enim
978 1340 1133 1381 locutus
1166 1349 1225 1381 est
1244 1339 1358 1381 Jesus
1390 1342 1431 1381 in
1455 1339 1700 1382 acerbissima

214 1428 437 1468 tentationis
470 1426 587 1474 hora,
623 1439 743 1481 quum
778 1426 906 1480 coepit
938 1425 1161 1465 contristari
1183 1431 1222 1465 et
1241 1432 1411 1466 maestus
1433 1438 1535 1474 esse,
1570 1432 1608 1466 et
1625 1423 1701 1465 Pa-

215 1519 308 1551 trem
340 1508 585 1566 precabatur,
620 1510 653 1549 si
684 1507 767 1548 ficri
798 1516 954 1564 posset,
988 1515 1033 1548 ut
1065 1506 1165 1548 calix
1197 1507 1258 1549 ille
1291 1510 1429 1550 mortis
1456 1523 1478 1549 a
1512 1522 1551 1549 se
1574 1516 1701 1550 trans-

212 1596 296 1634 iret.
358 1592 463 1633 Bene
495 1593 616 1648 igitur
647 1591 695 1632 D.
719 1590 866 1632 Paulus
900 1588 1031 1644 (Rom.
1051 1590 1158 1640 VIH,
1184 1586 1248 1644 3):
1289 1586 1335 1631 τὸ
1368 1588 1446 1647 γὰρ
1479 1585 1701 1633 οἷδύνατον

214 1676 288 1716 τοῦ
318 1670 468 1730 νόμου,
501 1673 547 1715 ἐν
579 1669 613 1730 ᾦ
644 1671 866 1729 ἠσθένει
896 1669 968 1715 διά
992 1673 1061 1728 τῆς
1093 1672 1298 1728 σαρκός,
1331 1671 1354 1715 ὃ
1377 1670 1484 1722 θεὸς
1503 1670 1580 1716 τὸν
1601 1671 1700 1716 ἑαυ-

211 1761 285 1800 τοῦ
328 1755 422 1799 υἱὸν
461 1759 639 1813 πέμψας
676 1755 722 1799 ἓν
754 1751 1054 1811 ὁμοιώματι
1086 1752 1279 1811 σαρκὸς
1309 1754 1596 1812 ἁμαρτίας,
1630 1760 1701 1799 καὶ

211 1842 309 1897 περὶ
340 1839 549 1896 ἁμαρτίας
578 1840 796 1895 κατέκρινε
827 1837 919 1895 τήν
950 1837 1215 1894 ἁμαρτίαν
1246 1838 1299 1881 ἓν
1331 1840 1386 1898 τῇ
1417 1841 1580 1896 σαρκί.
1627 1841 1701 1883 At-

213 1940 287 1981 que
319 1925 419 1966 hanc
451 1939 538 1966 cum
569 1931 728 1981 peccato
762 1924 1013 1965 luctationem
1045 1925 1147 1964 intra
1175 1920 1323 1965 Christi
1355 1924 1520 1965 animam
1551 1932 1699 1981 gestam

213 2023 295 2050 esse
337 2007 509 2050 ostendit
550 2007 651 2049 idem
691 2007 913 2064 Apostolus
955 2008 1147 2047 sententia
1187 2008 1281 2048 satis
1320 2007 1535 2057 luculenta,
1584 2022 1698 2064 quam

214 2107 346 2134 omnes
369 2091 497 2133 adhuc
518 2094 762 2147 inte1·preteS‚
796 2099 987 2147 quantum
1009 2092 1102 2140 scio,
1136 2089 1233 2132 male
1254 2090 1542 2133 intellexerunt.
1582 2089 1700 2132 Nam-

212 2190 289 2232 que
320 2177 375 2216 ita
407 2176 564 2231 scripsit
587 2171 760 2227 (Coloss.
783 2174 833 2223 ll,
862 2171 952 2227 15):
987 2170 1334 2227 ἀπεκδυσάμενος
1364 2169 1440 2222 τὰς
1471 2169 1607 2228 ἀρχὰς
1629 2176 1701 2215 καὶ

214 2254 290 2307 τὰς
329 2256 525 2307 ἐξουσίας
563 2255 852 2310 ἐδειγμάτισεν
888 2255 935 2298 ἓν
968 2257 1183 2312 παρρησίᾳ
1214 2255 1513 2311 θριαμβεύσας
1543 2251 1701 2306 αὐτοῦς

213 2340 259 2382 ἒν
289 2337 406 2397 αὑτῷ
439 2337 522 2391 (vel
555 2338 600 2381 ἓν
631 2337 801 2396 ἑαυτῷ).
867 2339 910 2380 Si
948 2353 1218 2395 comparamus
1258 2342 1484 2396 proximum
1525 2339 1697 2395 ejusdem

214 2424 400 2481 epistolae
423 2423 635 2479 capitulum
660 2420 742 2476 (ΙΙΙ,
768 2421 807 2472 9,
835 2419 925 2476 10):
959 2419 1394 2476 ἀπεκδυσάμενοι
1414 2418 1491 2463 τὸν
1510 2418 1700 2464 παλαιὸν

214 2507 455 2564 ἄνθρωπον
488 2502 565 2547 σὺν
596 2511 688 2553 ταῖς
720 2503 928 2559 πράξεσιν
949 2502 1101 2554 αὐτοῦ,
1135 2507 1207 2546 καὶ
1239 2503 1594 2559 ἐνδυσάμενοι
1624 2501 1699 2547 τὸν

212 2589 323 2638 νεόν,
356 2590 610 2631 confiteamur
641 2603 795 2632 necesse
828 2598 887 2631 cst
918 2590 997 2630 vim
1027 2589 1147 2631 verbo
1178 2588 1286 2631 vocis
1315 2588 1475 2631 ‘mediae
1497 2591 1697 2646 propriam

315 2734 339 2777 ¹)
373 2734 466 2768 Ilanc
498 2735 546 2769 rei
580 2736 888 2782 interpretationem
915 2734 1058 2782 amplexi
1085 2740 1164 2770 sunt
1189 2734 1338 2769 acerrimi
1366 2733 1599 2770 Straussianae
1623 2746 1697 2782 my-

216 2799 385 2846 thologiac
413 2806 662 2846 oppugnatores
680 2800 952 2836 Phileleutherus
971 2800 1178 2847 Angllcanus
1198 2799 1429 2843 (Vindication
1452 2799 1491 2834 of
1505 2800 1697 2835 Protestant

214 2864 400 2910 l‘rinciples
432 2876 464 2910 p.
491 2863 712 2909 168—170)
751 2871 781 2900 et
814 2866 970 2913 Edgarus
1005 2865 1128 2909 Quinet
1164 2864 1301 2909 (Revue
1340 2865 1398 2900 des
1432 2865 1522 2901 deux
1551 2864 1695 2901 Mendes

216 2930 283 2965 vol.
300 2929 396 2966 XVI.
424 2941 455 2975 p.
473 2927 541 2964 613
560 2930 660 2975 sqq.).
