1867 3301
725 457 1296 516 COMMENTARIUS.

381 670 542 712 Librum
582 671 897 722 Deuteronomii‚
941 675 1006 729 qui
1047 674 1147 713 inter
1185 672 1306 714 libros
1339 671 1536 713 Mosaicos
1577 673 1751 728 quintam

264 754 392 796 sedem
425 754 586 806 obtinet,
621 757 911 812 antiquissimas
944 755 1146 811 complecti
1179 770 1223 813 ae
1253 757 1419 796 maxime
1452 757 1619 796 sinceras
1653 755 1752 796 divi-

264 853 401 879 narum
439 838 567 895 legum
608 839 826 895 relliquias,
868 847 906 880 et
943 847 1141 895 praeterea
1182 854 1229 879 ex
1261 839 1486 880 Jasharanis
1526 838 1750 896 fragmentis

264 924 404 963 eximia
436 924 468 963 si
500 938 578 963 non
611 937 752 979 magna
782 938 831 964 ex
863 930 972 978 parte
1006 922 1215 963 conflatum
1248 937 1343 971 esse,
1378 921 1526 963 dudum
1547 922 1642 962 mihi
1663 936 1752 978 per-

264 1021 424 1047 suasum
456 1014 526 1048 est.
573 1005 672 1047 Nam
704 1021 783 1047 non
816 1006 935 1047 modo
965 1005 1062 1046 liber
1090 1007 1173 1061 ipsc
1196 1007 1289 1046 satis
1311 1005 1508 1046 luculenta
1529 1006 1751 1046 testimonia

262 1090 367 1131 ultro
400 1089 638 1146 suppeditat,
671 1104 806 1131 verum
838 1091 952 1130 etiam
985 1088 1035 1130 ad
1067 1089 1167 1130 duos
1200 1097 1379 1131 auctores
1411 1103 1627 1144 provocare
1657 1102 1752 1145 pos-

264 1188 371 1222 sum,
416 1181 627 1229 utrumque
668 1173 1037 1229 locupletissimum,
1079 1173 1241 1214 alterum
1283 1181 1411 1214 autem
1451 1173 1748 1221 sanctissimum,

262 1256 432 1297 Micbam
453 1256 766 1307 Morasffiaeum,
800 1256 1035 1313 prophetam
1056 1256 1242 1307 Jehovae,
1277 1265 1314 1298 et
1333 1256 1546 1298 Dominum
1571 1263 1749 1297 nostrum

262 1339 395 1381 Jesum
430 1338 644 1382 Christum.

381 1423 408 1464 Ι.
447 1424 490 1465 In
521 1426 657 1480 primis
680 1438 773 1465 vero
798 1425 866 1465 vix
899 1438 1000 1481 opus
1033 1432 1092 1466 est
1121 1431 1166 1465 ut
1197 1438 1375 1466 moneam
1398 1423 1599 1472 lectorem,
1634 1436 1748 1480 quam

265 1507 481 1558 verisimile,
515 1522 563 1548 ne
597 1507 719 1548 dicam
743 1522 859 1564 quam
882 1506 1085 1548 indubium
1109 1509 1171 1557 sit,
1207 1507 1349 1549 librum
1371 1507 1649 1556 Jasharanum,
1683 1507 1750 1562 qui

257 1592 458 1646 probitati
486 1606 630 1632 nomen
662 1605 777 1632 suum
810 1599 1008 1647 acceptum
1041 1590 1169 1641 refert,
1203 1599 1409 1647 praecepta
1432 1590 1642 1647 probitatis
1671 1597 1750 1630 tra-

265 1674 421 1715 didisse.
469 1674 547 1715 Ista
579 1676 609 1715 si
644 1673 834 1724 abessent,
869 1674 965 1715 liber
996 1676 1078 1730 ipse
1111 1674 1309 1715 videretur
1340 1689 1423 1715 esse

382 1757 546 1798 Mancus
579 1765 617 1798 et
647 1760 860 1798 exstinctae
893 1773 1036 1814 corpus
1068 1773 1148 1799 non
1179 1758 1273 1798 utile
1307 1757 1479 1798 dextrae.

384 1841 518 1895 Qualis
551 1843 650 1883 enim
683 1841 840 1883 futurus
873 1849 974 1883 esset
1004 1840 1213 1897 probitatis
1245 1840 1343 1881 liber
1375 1854 1473 1897 quae
1503 1839 1629 1880 nullas
1656 1853 1750 1895 pro-

262 1923 395 1966 bitatis
420 1925 534 1981 leges,
568 1925 713 1966 nullam
745 1925 955 1981 probitatis
987 1927 1176 1966 rationem
1209 1923 1441 1966 exhiberet?
1469 1923 1569 1964 Mihi
1594 1922 1749 1979 quidem

266 2008 419 2049 videtur
449 2009 768 2050 verisimillimum
802 2023 897 2059 esse,
931 2024 1012 2049 non
1043 2007 1161 2049 modo
1194 2008 1308 2049 talem
1331 1990 1605 2048 mandatorum
1630 2014 1750 2046 mate-

262 2093 358 2133 riam
390 2094 429 2132 in
461 2091 561 2133 libro
593 2091 812 2133 Jasharano
846 2094 1096 2148 conspicuam
1128 2090 1268 2140 fuisse,
1307 2090 1375 2132 sed
1395 2090 1507 2133 *illam
1538 2091 1579 2130 in
1611 2096 1749 2145 quarta

264 2183 302 2215 et
332 2174 457 2216 media
487 2183 597 2231 parte
628 2175 893 2231 reponendam
927 2189 1030 2224 esse,
1073 2189 1190 2230 quae,
1235 2181 1279 2215 ut
1314 2176 1354 2214 in
1386 2172 1542 2214 Graecis
1583 2171 1748 2227 trilogiis

264 2257 432 2298 medium
456 2257 600 2307 drama,
635 2260 747 2313 quasi
770 2266 943 2299 centrum
967 2256 1165 2314 quoddam
1188 2258 1446 2305 constituerit,
1477 2257 1619 2297 circum
1641 2253 1750 2310 quod

263 2341 433 2396 reliquae
466 2349 654 2397 quattuor
683 2348 814 2396 partes
846 2339 940 2381 orbe
973 2354 1150 2396 quaeque
1182 2354 1254 2381 suo
1288 2346 1543 2380 verterentur.

380 2423 424 2464 II.
461 2423 643 2464 Divinam
675 2422 883 2479 probitatis
916 2424 1105 2463 rationem
1128 2424 1167 2462 in
1189 2422 1288 2463 libro
1312 2421 1607 2463 Deuteronomii
1631 2434 1749 2477 quae-

264 2506 423 2547 rendam
456 2521 550 2556 esse,
585 2508 708 2547 cuivis
739 2506 874 2547 lectori
906 2503 1120 2561 apparebit,
1155 2506 1222 2560 qui
1252 2519 1372 2560 quum
1394 2503 1630 2545 vocabulum
1652 2506 1748 2570 Ἶῐζτιᾝ

265 2591 304 2629 in
344 2591 478 2629 ceteris
511 2589 765 2630 Pentateuchi
804 2587 912 2629 libris
954 2589 1109 2628 nonnisi
1149 2588 1189 2627 in
1222 2588 1267 2627 iis
1299 2587 1393 2627 locis
1427 2588 1637 2635 invenerit,
1681 2587 1747 2641 qui

264 2671 496 2729 Fragmenta
526 2671 615 2713 libri
646 2673 771 2713 nostri
804 2678 933 2727 aperte
965 2669 1142 2726 produnt
1173 2666 1234 2722 (ut
1260 2669 1390 2711 Exod.
1413 2668 1503 2719 XV,
1528 2666 1597 2710 26.
1630 2666 1746 2708 Num.

264 2754 409 2805 XXIII,
438 2754 503 2804 10,
528 2752 614 2807 27),
649 2755 749 2795 illam
773 2769 907 2795 vocem
940 2754 1051 2809 quasi
1082 2767 1315 2808 repercussu
1347 2765 1557 2793 numeroso
1586 2752 1626 2792 in
1646 2749 1746 2792 libro

264 2838 561 2879 Deuteronomii
593 2852 744 2892 semper
773 2845 810 2877 et
840 2836 986 2892 ubique
1017 2850 1200 2877 resonare
1233 2833 1469 2876 observabit.
1518 2832 1653 2890 Neque
1684 2833 1747 2873 illa

265 2920 523 2976 discrepantia
562 2923 599 2961 in
640 2935 744 2962 mero
780 2922 885 2961 vocis
925 2933 1002 2960 usu
1042 2919 1223 2960 cernitur.
1277 2917 1385 2958 Libri
1425 2918 1519 2972 ipsi,
1561 2924 1606 2956 ut
1643 2915 1745 2971 leges
