1867 3301
951 200 1053 248 348

257 338 450 400 possit¹);
488 356 614 399 neque
651 342 762 383 aliam
795 355 878 383 esse
911 340 1224 382 sacramentalem
1255 341 1379 391 illam,
1417 355 1534 398 quam
1565 342 1744 398 perhibe-

257 441 365 475 mus,
401 425 540 467 Sacrae
573 424 799 481 Scripturae
831 423 999 465 indolem
1020 421 1062 478 ⁹),
1096 440 1232 481 nempe
1265 433 1456 481 augustos
1488 425 1575 466 illos
1606 425 1741 475 libros,

258 511 325 567 qui
356 509 527 550 visibiles
570 517 662 549 sunt
694 516 732 549 et
763 510 962 564 corporei,
1004 509 1146 564 spiritu
1177 516 1305 549 tamen
1337 508 1522 549 invisibili
1554 511 1744 551 animatos

257 608 353 635 esse.
408 592 606 649 Denique,
648 606 769 648 quum
803 591 851 632 ad
882 590 991 632 Fidei
1026 590 1272 633 Christianae
1303 594 1565 648 patrocinium
1597 591 1746 634 accedi-

257 692 364 726 mus,
398 675 667 717 advocationis
699 683 856 716 nostrae
888 677 1070 726 interest,
1103 683 1149 716 ut
1179 675 1359 716 simulata
1390 675 1454 716 illa
1487 675 1677 717 suburbia
1708 683 1746 718 et

255 759 567 818 propugnacula,
602 774 700 815 quac
732 761 859 815 primo
892 758 1065 799 hostium
1087 760 1235 815 impetu
1258 768 1571 816 perrumpentur‚
1606 759 1743 801 sedulo

258 846 479 886 omittentes
512 843 571 884 vel
603 844 737 900 potius
770 843 873 884 ultro
908 841 1140 897 dejicientes,
1173 844 1212 883 in
1246 857 1371 883 arcem
1402 842 1744 900 inexpugnabilem

257 927 541 985 confugiamus,
577 941 676 983 quae
710 928 838 967 omnia
869 925 918 967 ad
949 928 1217 967 necessitatem
1251 925 1387 966 salutis
1419 927 1653 982 pertinentia
1678 941 1746 969 cu-

258 1011 392 1061 stodit,
425 1026 494 1052 nec
527 1011 665 1067 cupide
698 1018 878 1051 tueamur
899 1024 962 1050 eas
995 1009 1199 1051 hominum
1232 1011 1436 1066 opiniones
1469 1024 1568 1066 quae
1591 1008 1745 1052 defendi

258 1103 469 1152 nequeunt,
504 1094 572 1137 scd
604 1094 759 1135 illorum
792 1093 969 1150 exemplo
1003 1093 1191 1134 admoniti
1217 1095 1283 1149 qui
1307 1108 1432 1134 casam
1455 1094 1532 1135 cito
1554 1094 1745 1136 ruituram

258 1181 296 1220 in
328 1178 448 1220 fluxis
487 1193 530 1219 ac
570 1177 839 1219 diffluentibus
876 1179 1001 1219 arenis
1034 1177 1279 1219 aedificantes
1310 1178 1466 1233 pietatis
1497 1175 1745 1234 naufragium

256 1265 474 1321 patiuntur,
509 1261 673 1303 solidam
706 1262 884 1303 ecclesiae
916 1270 1074 1304 nostrae
1107 1261 1245 1303 aedem
1272 1262 1515 1318 sempiternis
1538 1275 1650 1303 verae
1673 1260 1744 1302 do-

259 1349 402 1389 ctrinae
434 1346 697 1388 fundamentis
729 1345 983 1388 stabiliamus.

360 1542 383 1583 ¹)
416 1540 538 1574 Joann.
557 1540 620 1582 ΙΙΙ,
639 1539 670 1582 5,
690 1539 728 1575 G:
754 1538 816 1575 ἐὰν
839 1539 887 1585 μή
912 1553 960 1578 τις
983 1541 1135 1588 γεννηθῇ
1159 1542 1194 1581 ἐξ
1219 1539 1342 1578 ὕδατος
1368 1541 1404 1582 (i.
1420 1551 1445 1574 e.
1466 1551 1523 1586 per
1541 1539 1744 1585 baptismum

258 1605 406 1647 fidelem)
439 1606 500 1639 καὶ
531 1606 725 1652 πνεύματος
756 1607 791 1648 (i.
818 1617 844 1639 e.
878 1617 936 1650 per
969 1604 1152 1651 spiritalem
1188 1605 1499 1648 sanctificationem)
1533 1604 1572 1639 οὗ
1601 1605 1745 1639 δύναται

258 1673 429 1706 εἰσελθεῖν
460 1672 509 1708 εἷς
539 1668 599 1713 την
630 1672 813 1715 βασιλείαν
844 1671 902 1704 τοῦ
931 1671 1030 1705 Θεοῦ.
1081 1669 1116 1704 τὸ
1147 1672 1402 1716 γεγεννημένον
1433 1672 1469 1703 ἐκ
1496 1670 1551 1712 τῆς
1583 1668 1745 1715 σαρκὸς

259 1738 344 1785 σάρξ
365 1738 472 1770 ἐστιν·
500 1736 560 1770 καὶ
585 1733 618 1769 τό
646 1737 900 1782 γεγεννημένον
924 1738 961 1770 ἐκ
986 1736 1043 1770 τοῦ
1066 1736 1314 1781 πνεύματος
1337 1735 1475 1782 πνεῦμά
1500 1737 1602 1769 ἔστιν.
1649 1735 1743 1769 Hanc

258 1804 564 1849 regenerationem,
592 1813 676 1846 quae
703 1813 719 1834 a
746 1812 861 1835 carne
887 1800 1061 1842 abhorret,
1089 1812 1105 1834 a
1131 1803 1266 1834 mundo
1285 1801 1381 1834 etiam
1402 1800 1592 1842 abhorrere,
1620 1799 1744 1835 diserte

260 1869 357 1903 docet
388 1869 538 1903 Joannes
573 1867 671 1914 1Ep.
691 1868 732 1909 V,
760 1865 894 1908 18,19:
932 1867 1080 1912 οἴδαμεν
1111 1864 1162 1899 ὅτι
1192 1867 1259 1903 πᾶς
1292 1865 1309 1900 ὃ
1341 1867 1591 1912 γεγεννημένος
1621 1867 1658 1900 ἐκ
1690 1866 1746 1901 τοῦ

261 1935 369 1976 Θεοῦ,
404 1934 466 1980 οὐχ
498 1933 711 1982 ἅμαρτάνει·
751 1933 825 1967 ἀλλ’
855 1931 872 1965 ὃ
904 1932 1088 1977 γεννηθεὶς
1119 1933 1155 1965 ἐκ
1183 1932 1238 1966 τοῦ
1267 1932 1356 1966 Θεοῦ
1380 1934 1471 1979 τηρεῖ
1496 1929 1616 1965 ἑαυτὸν
1640 1931 1701 1966 καὶ
1725 1929 1742 1965 ὅ

258 1997 411 2048 πονηρᾶς
444 1999 505 2045 οὐχ
533 1998 670 2034 ἅπτεται
695 1998 815 2033 αὐτοῦ·
854 1998 1002 2043 οἴδαμεν
1027 1996 1077 2031 ὅτι
1101 1997 1138 2030 ἐκ
1163 1997 1220 2031 τοῦ
1247 1997 1336 2032 Θεοῦ
1359 1998 1463 2043 ἐσμεν
1488 1997 1547 2031 καὶ
1573 1995 1590 2031 ὃ
1617 1996 1745 2044 κόσμος

258 2064 335 2103 ὅλος
359 2067 397 2099 ἐν
421 2065 465 2110 τῷ
489 2065 630 2113 πονηρῷ
655 2067 773 2098 κεῖται.
805 2063 892 2097 Vide
920 2074 1021 2108 supra
1047 2075 1099 2108 pp.
1118 2060 1174 2103 68,
1193 2060 1248 2096 69.

358 2131 384 2172 ²)
416 2130 648 2177 Hieronymus
681 2129 721 2164 de
745 2128 951 2176 Apocalypsi
977 2128 1142 2173 loquens,
1175 2132 1282 2173 -quot
1308 2127 1429 2162 verba·
1455 2128 1566 2174 inquit
1590 2133 1663 2162 »tot
1689 2139 1742 2162 sa-

259 2202 457 2231 eramenta.-
