1867 3301
809 235 908 284 201

113 378 164 420 Et
194 379 315 419 miror
346 391 592 434 quenquam,
636 379 703 433 qui
745 392 766 417 a
806 378 936 418 critica
969 376 1151 419 facultate
1183 379 1277 419 satis
1310 378 1454 429 valeat,
1489 380 1607 422 ullam

115 463 226 502 aliam
258 463 447 502 rationem
480 464 576 502 inire
608 476 738 517 posse.
787 460 986 502 Habemus
1018 463 1140 517 igitur
1161 470 1287 503 vatem
1310 461 1605 513 Solomoneum,

114 547 175 586 sui
217 547 401 601 temporis
443 544 698 586 laudatorem.
762 544 981 594 Habemus,
1024 547 1091 601 qui
1128 560 1262 601 pacem
1295 554 1410 602 atque
1444 547 1608 602 opulen-

116 630 203 670 tiam
237 629 383 685 ubique
415 628 583 678 videret,
626 630 693 685 qui
726 628 819 669 haec
853 630 981 669 omnia
1017 637 1199 685 tanquam
1233 630 1508 685 amplissimam
1541 646 1608 672 ve-

112 720 239 754 tustae
288 714 575 754 vaticinationis
625 714 1001 767 consummationem
1049 722 1296 769 agnosceret,
1348 728 1469 770 quum
1514 723 1608 770 post

112 796 274 838 Davidis
307 799 491 838 victorias
525 805 562 838 et
593 796 797 853 splendida
819 798 929 853 regni
952 795 1182 839 Solomonei
1207 799 1329 847 initia,
1364 806 1472 839 tanta
1507 807 1608 840 esset

112 881 250 920 vitium
291 882 403 936 copia
441 889 486 921 ut
525 881 718 937 agricolae
756 896 949 937 generoso
990 881 1161 937 palmiti,
1210 890 1396 938 tanquam
1443 882 1606 939 ignobili

111 963 226 1013 rubo,
260 964 399 1005 asellos
434 964 647 1021 alligarent,
683 972 791 1006 tanta
813 966 894 1006 vini
917 963 1169 1015 abundantia,
1203 973 1249 1006 ut
1271 967 1363 1006 vino
1396 981 1470 1022 pro
1504 981 1607 1023 aqua

111 1048 169 1088 uti
193 1056 368 1103 possent,
392 1057 507 1105 atque
530 1057 575 1090 ut
598 1063 730 1090 omnes
754 1050 865 1105 quasi
888 1057 1082 1105 perpetuo
1107 1050 1290 1090 convivio
1312 1049 1455 1091 hilares
1479 1058 1608 1092 essent

113 1139 149 1172 et
184 1130 414 1182 rubicundi,
456 1141 565 1173 tanta
597 1141 726 1174 autem
758 1147 920 1189 gregum
953 1132 1186 1183 multitudo,
1228 1141 1274 1174 ut
1304 1133 1401 1175 lacte
1432 1142 1606 1176 manaret

114 1224 213 1256 terra
235 1231 284 1257 ex
305 1219 502 1273 promisso
526 1217 700 1258 jehovae
730 1214 868 1274 (supra
890 1217 1006 1259 Deut.
1030 1217 1095 1267 Vl,
1122 1214 1178 1271 3),
1212 1226 1257 1259 ut
1289 1232 1423 1259 omnes
1456 1219 1605 1260 incolae

110 1300 225 1340 niveo
258 1299 324 1341 illo
359 1309 396 1342 et
426 1303 564 1358 pingui
595 1310 698 1358 potu
728 1303 831 1342 sitim
865 1301 1175 1358 qualemcunque
1206 1304 1507 1360 restinguerent.

455 1442 477 1499 ξ
501 1444 540 1486 2.
579 1443 630 1487 In
660 1443 776 1486 Leae
798 1445 915 1504 filios
947 1445 1049 1486 duos
1079 1446 1268 1488 minores.

232 1550 339 1593 Ordo
372 1552 543 1594 filiorum
574 1551 732 1602 Jacobi‚
776 1567 855 1609 quo
897 1555 937 1593 in
977 1553 1052 1594 1100
1094 1554 1243 1595 cantico
1276 1555 1441 1595 invicem
1474 1569 1606 1596 succe-

112 1634 221 1685 dunt,
255 1651 336 1677 non
368 1637 483 1693 plane
516 1639 686 1678 concinit
718 1651 804 1678 cum
838 1637 1029 1694 catalogo,
1065 1652 1179 1694 quem
1213 1652 1334 1694 supra
1366 1654 1384 1679 e
1410 1638 1604 1680 Geneseos

111 1722 233 1776 capite
255 1719 415 1761 XXXV
446 1723 635 1777 excerpsi.
684 1721 757 1762 Hic
790 1723 890 1762 enim
919 1721 1100 1763 Zebulon
1130 1722 1293 1763 lssacari
1324 1725 1604 1779 praeponitur3

110 1812 147 1845 et
179 1812 368 1860 quattuor
399 1805 625 1846 ancillarum
657 1805 745 1855 filii,
781 1806 849 1862 qui
880 1813 974 1862 post
1003 1805 1104 1847 Leae
1135 1806 1237 1847 filios
1270 1807 1517 1857 inseruntur,
1551 1809 1606 1849 ita

110 1890 427 1938 commiscentur,
467 1897 513 1930 ut
542 1889 713 1931 filiorum
744 1889 878 1945 Zilpae
909 1889 1061 1931 Leanae
1092 1889 1161 1929 filii
1192 1889 1329 1931 Bilhae
1360 1890 1604 1933 Rachelanae

108 1980 320 2028 utrumque
352 1972 453 2014 latus
488 1972 681 2014 claudant.
730 1973 880 2014 Deinde
911 1975 951 2014 in
983 1973 1058 2015 fine
1091 1972 1392 2030 subsequuntur
1412 1975 1604 2017 Rachelae

109 2058 233 2113 ipsius
272 2056 353 2097 filii.
424 2056 539 2098 Hunc
581 2056 777 2107 ordinem,
828 2072 942 2114 quem
981 2057 1090 2098 haud
1131 2059 1210 2099 scio
1252 2073 1301 2099 an
1340 2059 1606 2116 geographica

109 2140 278 2197 quadam
300 2142 451 2181 ratione
474 2149 678 2196 permotus
701 2140 904 2182 induxerit
924 2149 1043 2198 poeta
1063 2150 1211 2191 noster,
1245 2157 1326 2183 non
1359 2145 1432 2184 erit
1463 2158 1604 2200 operae

108 2226 277 2280 pretium
311 2223 482 2265 turbare.
542 2224 647 2266 Satis
680 2224 797 2266 suerit
829 2233 1019 2282 quattuor
1052 2227 1164 2282 quasi
1198 2228 1389 2269 sectiones
1422 2227 1482 2269 vel
1514 2242 1605 2284 par-

108 2308 247 2349 ticulas
281 2308 510 2350 discernere.

227 2392 442 2435 Zehulonis
482 2392 609 2434 trihus
650 2408 672 2433 a
710 2393 797 2434 lacu
835 2392 1057 2435 Tiberiadis
1098 2393 1148 2435 ad
1190 2396 1318 2436 sinum
1349 2394 1603 2437 Ptolemaidis

107 2478 316 2533 pertinuit,
361 2486 397 2518 et
428 2479 582 2519 tametsi
615 2479 845 2519 commercio
881 2476 1013 2518 dedita
1042 2486 1080 2519 et
1108 2477 1275 2519 fortasse
1306 2478 1445 2519 litteris
1475 2479 1604 2521 Phoe-

109 2562 217 2601 niciis
262 2560 413 2603 imbuta
452 2570 582 2603 tamen
621 2577 694 2618 pro
735 2563 812 2602 aris
852 2570 889 2602 et
928 2561 1024 2602 focis
1067 2570 1202 2603 contra
1241 2560 1412 2603 Siseram
1451 2565 1604 2604 naviter

108 2646 302 2700 pugnavit
333 2641 440 2698 (Jud.
464 2644 514 2695 V,
542 2642 626 2699 18).
690 2643 742 2686 Ut
772 2644 876 2685 Juda
907 2645 1030 2694 leoni,
1073 2646 1126 2686 ita
1163 2645 1311 2686 Issacar
1353 2648 1463 2687 asino
1498 2661 1604 2688 com-

108 2735 282 2783 paratur.
330 2726 466 2784 Neque
497 2728 538 2770 id
569 2731 624 2770 ita
657 2737 925 2785 comparatum
958 2737 1016 2769 est
1040 2737 1085 2770 111
1105 2743 1178 2784 pro
1202 2728 1373 2771 ludibrio
1396 2730 1601 2772 habeatur.

108 2810 206 2852 Nam
246 2811 440 2852 Homerus
488 2801 647 2869 quoque
688 2814 975 2870 magnanimum
1015 2812 1196 2868 Ajacem,
1246 2827 1368 2869 quum
1409 2829 1430 2855 a
1468 2829 1603 2871 pugna

108 2894 314 2944 recederet,
349 2894 462 2936 tardo
497 2898 606 2937 asino
641 2896 870 2937 assimilavit
903 2893 959 2949 (Il.
982 2895 1049 2945 XI,
1074 2893 1192 2949 557).
1245 2888 1353 2938 “Illud
1385 2898 1602 2954 significare

108 2978 236 3020 voluit
274 2987 383 3020 vates
423 2988 578 3029 1105101,
621 2979 850 3030 Issaearem,
900 2981 1012 3036 cujus
1052 2995 1195 3023 nomen
1233 2981 1448 3024 mercedem
1488 2985 1602 3048 Ἶξῐζτι·
