1867 3301
942 194 1007 241 46

232 348 348 391 quam
387 334 612 391 longissime
644 333 852 383 abhorret3
894 333 991 375 adeo
1023 342 1070 375 ut
1100 334 1164 374 illa
1196 332 1315 375 arbor
1346 332 1396 374 ad
1426 335 1545 374 vitam
1578 334 1720 389 sempi-

230 426 398 467 ternam,
441 417 535 458 haec
575 425 704 458 autem
745 417 795 458 ad
830 425 995 458 mortem
1028 416 1232 458 conducat.
1296 416 1381 457 Jam
1413 430 1507 457 vero
1541 415 1719 457 centralis

233 502 568 557 concupiscentiae
599 502 680 549 vis,
724 502 756 541 si
788 500 838 541 ad
868 500 1074 549 moralem,
1117 514 1216 557 quae
1247 499 1497 556 perhibetur,
1536 500 1719 540 virtutem

232 592 472 640 spectamus,
511 582 741 639 fornicatio
783 592 861 633 est,
911 585 935 625 i.
968 599 999 625 c.
1042 585 1168 639 stupri
1212 582 1457 624 consuetudo
1492 581 1551 623 vel
1590 581 1721 622 illicita

232 667 403 707 sexualis
451 668 649 723 appetitus
697 666 951 723 indulgentia.
1021 666 1064 708 Si
1112 666 1161 707 ad
1199 667 1439 723 relligionem
1477 666 1718 721 respicimus,

233 749 364 790 cadem
396 752 542 806 peccati
575 749 790 791 dominatio
824 751 862 790 in
896 749 1137 799 idololatria,
1173 752 1253 792 sive
1285 752 1325 790 in
1357 749 1525 790 sensuali
1547 748 1720 789 Deorum

233 833 360 883 cultu,
396 835 578 874 cernitur.
635 832 761 886 Quam
794 841 895 874 arcte
928 832 1041 874 binae
1074 835 1220 889 peccati
1251 833 1393 888 phases
1426 834 1526 873 inter
1557 846 1597 872 sc
1629 845 1722 872 con-

232 924 396 973 gruant,
435 918 529 957 satis
564 916 778 957 ostendunt
809 924 958 957 veteres
991 915 1177 965 Hebraei,
1219 917 1287 971 qui
1318 917 1531 972 imaginum
1562 928 1722 956 venera-

232 1001 378 1040 tionem
400 1014 472 1055 pro
495 1008 669 1041 scortatu
688 999 859 1056 quodam
882 1014 1034 1055 semper
1050 998 1269 1039 habendam
1292 998 1533 1039 confirmant.
1568 996 1723 1050 »Quac-

234 1097 322 1123 nam
355 1097 435 1138 pax
467 1097 550 1124 esse
582 1091 753 1138 potest«,
788 1085 842 1124 ait
863 1082 965 1124 Jehu
999 1080 1042 1134 (2
1064 1082 1188 1139 Regg.
1210 1081 1286 1131 IX,
1313 1079 1398 1134 22),
1433 1080 1551 1122 »dum
1581 1080 1724 1121 durant

233 1166 496 1207 scortationes
525 1169 668 1226 ἘἾᾊΞῙ
700 1168 724 1206 i.
749 1181 780 1207 c.
812 1165 1047 1213 idololatria,
1080 1164 1251 1206 Isabclae
1272 1166 1406 1206 matris
1427 1163 1573 1205 tuae?«
1607 1162 1723 1204 Simi-

235 1249 322 1290 liter
353 1248 558 1298 Jeremias,
597 1229 774 1298 Ezekiel,
813 1248 944 1289 Hosca
976 1248 1118 1304 aliique
1150 1248 1364 1304 prophetae
1395 1246 1589 1288 vocabulo
1622 1249 1723 1304 rm?

235 1332 296 1372 vel
334 1335 476 1390 mm?
515 1346 552 1388 q.
584 1331 621 1373 d.
662 1339 849 1387 stuprum
879 1332 939 1372 vel
977 1332 1263 1372 scortationem
1300 1339 1469 1372 utuntur
1508 1329 1558 1371 ad
1596 1328 1724 1370 idolo-

234 1415 385 1456 latriam
417 1414 709 1471 significandam
741 1412 804 1467 (cf.
829 1414 907 1456 Jer.
930 1415 996 1463 ΙΙΙ,
1022 1412 1060 1456 9.
1094 1414 1200 1464 XIII,
1226 1413 1295 1455 27.
1327 1413 1397 1454 Ez.
1420 1412 1533 1461 XVI,
1559 1410 1628 1462 26,
1653 1410 1721 1453 29.

235 1498 379 1548 XXIII,
404 1497 443 1547 8,
468 1497 533 1547 17,
553 1497 622 1539 27.
654 1498 795 1547 XLIII,
822 1496 860 1547 7,
881 1496 920 1539 9.
954 1497 1050 1538 Hos.
1073 1497 1139 1546 IV,
1163 1495 1228 1538 11.
1261 1497 1335 1546 Vl,
1359 1493 1442 1548 10).
1480 1495 1531 1536 Et
1554 1493 1724 1537 Sirachi-

237 1581 303 1623 des
336 1581 477 1623 diserte
509 1580 676 1622 affirmat
708 1577 899 1637 (Sapient.
923 1580 1027 1629 XIV,
1057 1579 1120 1629 12,
1146 1577 1239 1633 27):
1273 1576 1380 1634 ἇρχη
1412 1577 1492 1634 γὰρ
1524 1579 1725 1633 πορνείας

236 1663 406 1706 ἐπίνοια
445 1660 659 1714 εἰδώλων,
700 1662 861 1719 εὕρεσις
902 1663 949 1704 δὲ
981 1660 1123 1705 αὐτῶν
1154 1659 1309 1718 φθορὰ
1343 1661 1456 1717 ζωῆς.
1487 1683 1546 1691 —
1583 1655 1609 1716 ἢ
1642 1657 1723 1714 γὰρ

235 1750 321 1789 τῶν
367 1742 607 1801 οἷνωνύμων
652 1745 842 1788 εἰδώλων
887 1748 1095 1801 θρησκεία
1133 1742 1294 1793 παντὸς
1333 1740 1440 1800 ἆρχῆ
1482 1746 1616 1785 κακοῦ
1653 1746 1725 1784 καὶ

237 1831 352 1872 αἰτία
391 1833 461 1871 καὶ
499 1831 631 1886 πέρας
670 1828 795 1871 ἐστίν.
856 1830 956 1871 Hinc
995 1829 1274 1886 profluxerunt
1305 1828 1607 1884 significationes
1639 1827 1724 1868 illae

238 1929 336 1970 quae
376 1913 482 1970 apud
520 1915 732 1969 scriptores
773 1913 1014 1969 apostolicos
1053 1911 1201 1968 ubique
1241 1918 1465 1952 occurrunt.
1527 1911 1584 1952 Ita
1624 1911 1724 1951 enim

237 2012 368 2038 veram
400 1997 596 2038 ecclesiam
638 1997 852 2053 alloquitur
884 1996 931 2037 D.
955 1995 1102 2037 Paulus
1137 1992 1179 2047 (2
1203 1994 1252 2035 ad
1275 1993 1367 2036 Cor.
1390 1993 1463 2043 XI,
1490 1990 1552 2046 2):
1593 1990 1725 2049 ἡρμο-

241 2080 379 2135 σάμην
409 2077 519 2134 ὑμᾶς
551 2077 612 2121 ἑνὶ
644 2075 773 2134 ἀνδρὶ
804 2080 1031 2135 παρθένον
1064 2074 1199 2133 ἁγνὴν
1230 2076 1499 2133 παραστῆσαι
1529 2078 1587 2133 τῷ
1616 2078 1725 2130 Χρι-

239 2163 334 2220 στῷ.
375 2162 523 2204 Contra
545 2171 673 2204 autem
696 2164 969 2219 superstitiosa
990 2162 1117 2203 Roma
1140 2161 1373 2203 describitur
1395 2157 1536 2215 (Apoc.
1555 2158 1660 2208 XIX,
1680 2155 1723 2210 2)

238 2254 443 2302 tanquam:
477 2243 501 2301 ἢ
533 2245 669 2300 πόρνη
701 2243 723 2300 ἢ
759 2245 920 2299 μεγάλη
952 2242 1042 2300 ἥτις
1073 2242 1253 2300 ἔφθειρε
1283 2239 1361 2298 την
1383 2243 1462 2298 γῆν
1483 2241 1529 2284 ἐν
1549 2241 1598 2301 τῇ
1619 2254 1726 2296 πορ-

239 2331 334 2382 νείᾳ
365 2325 508 2384 αὐτῆς.

357 2411 437 2453 Nec
470 2410 693 2468 negandum
725 2418 802 2460 cst,
847 2411 942 2466 quin
974 2408 1261 2465 polythcismus
1294 2416 1332 2449 et
1361 2406 1594 2463 polyandria
1625 2408 1726 2449 inter

240 2503 389 2536 veteres
428 2496 607 2535 nationes
645 2496 752 2535 miris
792 2492 918 2534 modis
958 2499 1246 2533 concurrerent.
1309 2490 1407 2531 Nam
1442 2505 1489 2531 ne
1522 2490 1645 2531 dicam
1678 2489 1724 2530 dc

239 2577 403 2619 Veneris
436 2577 541 2634 apud
564 2575 812 2625 Corinthios,
848 2576 1023 2632 aliosque
1047 2574 1234 2624 Graecos,
1269 2573 1464 2629 impudica
1495 2572 1724 2615 adoratione

242 2658 348 2713 (vide
380 2660 430 2702 ad
449 2660 562 2701 I'ind.
585 2659 807 2716 Fragment.
832 2657 918 2711 87),
954 2666 1107 2699 constat
1137 2672 1280 2699 numen
1312 2656 1408 2697 illud
1431 2655 1723 2698 Midianitarum

242 2751 279 2785 et
298 2743 583 2792 Moabitarum,
616 2742 949 2795 Boot-Peorem,
984 2742 1094 2797 cujus
1126 2741 1272 2781 cultum
1293 2740 1485 2781 Israelitae
1516 2740 1724 2796 praecipue

243 2828 364 2868 vitare
397 2824 610 2875 debebant,
651 2840 730 2867 non
764 2826 881 2866 alium
914 2824 1031 2866 fuisse
1064 2838 1107 2864 ac
1137 2824 1360 2879 Priapum,
1401 2825 1483 2865 sive
1513 2822 1723 2879 phallicum

241 2910 502 2966 generationis
535 2908 669 2959 deum,
708 2916 825 2965 atquc
857 2907 906 2950 ad
939 2908 1049 2964 orgia
1080 2907 1162 2962 ejus
1195 2905 1499 2950 concelebranda
1528 2903 1723 2962 publicam
