1867 3301
900 194 998 242 140

202 346 454 396 peregerunt,
489 351 577 378 nam
610 335 892 377 dedicationem
926 348 1013 375 arae
1046 348 1115 389 per
1148 341 1295 390 septem
1329 333 1410 375 dies
1437 334 1693 385 celebrabant,

204 422 340 464 deinde
381 421 543 463 totidem
583 420 663 461 dies
704 419 846 460 festum
883 416 1253 459 tabernaculorum«
1287 415 1331 471 (2
1360 417 1487 459 Paral.
1515 418 1603 468 Vll,
1636 417 1693 471 9).

201 507 321 564 Ergo,
355 508 386 546 si
421 506 575 561 quaeris
608 518 780 560 quonam
813 502 873 544 die
897 501 1061 543 Solomo
1086 515 1212 542 arcam
1235 500 1402 543 foederis
1426 502 1465 543 in
1486 501 1697 559 tranquilla

203 590 292 633 sede
334 589 486 630 deinum
530 588 798 636 collocaverit,
838 593 948 642 patet
986 600 1035 627 ex
1075 586 1147 627 hac
1185 587 1407 627 narratione
1447 584 1549 626 diem
1588 585 1696 626 illum

205 683 386 716 octavum
427 672 547 714 fuisse
588 671 688 712 diem
728 670 928 712 decimum
958 669 1174 726 septimum
1204 670 1352 711 mensis
1382 669 1553 725 septimi.
1618 666 1698 711 Sed

204 758 300 815 quid
333 759 386 799 ait
417 758 588 813 scriptor
609 755 850 797 Jasharanus
885 753 930 796 de
952 752 1104 795 Noachi
1126 752 1313 810 navigio?
1346 752 1591 809 »Requievit
1610 767 1698 794 arca

204 856 333 883 mense
365 841 548 897 septimo,
584 839 738 881 decimo
770 839 939 894 septimo
973 837 1038 879 dete
1071 852 1189 894 super
1213 844 1368 878 montes
1387 835 1557 878 Ararat«
1581 833 1693 889 (Gen.

205 926 309 976 Vlll,
334 922 392 978 4).
441 923 546 965 Num
577 931 693 980 putas
728 922 826 962 hanc
858 923 998 978 quietis
1032 923 1072 961 in
1104 935 1255 961 summo
1288 928 1419 961 monte
1446 919 1697 977 significatio-

205 1026 310 1060 nem,
356 1023 454 1066 quae
494 1008 647 1049 decimo
680 1006 849 1062 septimo
885 1004 950 1045 die
981 1005 1142 1060 septimi
1172 1004 1320 1045 mensis
1360 1005 1549 1053 eveniret,
1591 1018 1694 1053 casu,

205 1110 253 1136 an
294 1096 427 1151 potius
469 1091 663 1133 industria
702 1089 904 1131 confictam
947 1087 1058 1129 esse?
1107 1087 1150 1129 Si
1187 1101 1323 1129 verum
1363 1095 1440 1137 est,
1483 1095 1528 1128 ut
1566 1086 1694 1137 credo,

204 1178 463 1219 Jasharanum
496 1174 638 1217 librum
670 1173 744 1215 sub
768 1172 983 1214 Solomone
1014 1171 1161 1229 publici
1188 1172 1291 1227 juris
1313 1170 1456 1213 sactum
1479 1185 1584 1221 esse,
1616 1186 1697 1213 non

206 1261 409 1304 verisimile
449 1259 518 1301 sed
557 1266 705 1301 certum
743 1266 803 1299 est
833 1258 961 1298 virum
1003 1258 1161 1323 i'll'jwp
1203 1270 1284 1296 non
1322 1256 1500 1312 potuisse
1534 1255 1580 1297 de
1613 1249 1694 1314 03,

206 1348 317 1403 cujus
350 1359 439 1386 area
470 1347 574 1411 Πέξὶ
606 1357 725 1399 super
757 1349 888 1382 monte
921 1340 981 1381 die
1015 1340 1151 1381 eodem
1173 1338 1346 1395 ejusdem
1368 1341 1510 1380 mensis
1533 1340 1698 1381 mentio-

205 1445 292 1471 nem
323 1429 446 1470 facere
478 1430 561 1469 sine
594 1426 673 1468 ulla
705 1427 940 1482 cogitatione
974 1424 1021 1465 de
1053 1438 1093 1465 se
1126 1437 1275 1480 suaque
1298 1422 1540 1465 dedicatione
1561 1422 1697 1464 eodem

207 1514 267 1555 die
300 1512 432 1554 eadem
464 1511 746 1568 significatione
779 1508 968 1550 celebrata
994 1510 1267 1549 intermontes
1290 1507 1463 1548 Tsionis.
1514 1505 1557 1548 Si
1579 1508 1698 1564 igitur

206 1598 312 1639 nulla
343 1596 417 1638 alia
449 1594 663 1637 similitudo
696 1593 970 1642 intercederet,
1005 1592 1099 1633 haec
1130 1594 1216 1648 ipsa
1246 1592 1450 1633 consensio
1481 1592 1575 1632 satis
1598 1599 1699 1632 esset

207 1681 255 1723 ad
278 1695 407 1723 veram
428 1678 630 1721 Noachani
662 1679 831 1719 nominis
855 1684 892 1718 et
913 1675 1002 1718 facti
1025 1677 1384 1732 interpretationem
1407 1674 1695 1717 enucleandam.

326 1764 405 1806 Sed
436 1771 586 1805 restant
618 1762 906 1819 quamplurima
943 1760 1115 1816 ejusdem
1147 1762 1201 1801 rei
1233 1761 1468 1801 testimonia.
1522 1759 1697 1801 Primum

206 1864 349 1892 nomen
381 1847 490 1898 illud,
524 1850 658 1914 Πὲτῇ,
695 1860 774 1902 quo
800 1843 952 1886 Noachi
984 1845 1185 1901 navigium
1219 1843 1457 1900 designatur,
1493 1843 1542 1886 ad
1571 1851 1697 1886 tutam

206 1933 466 1975 israelitarum
500 1946 549 1973 ex
580 1929 765 1987 Aegypto
800 1928 933 1985 fugam
971 1936 1132 1984 spectat.
1196 1926 1294 1968 Nam
1329 1935 1475 1968 certum
1509 1935 1567 1969 est
1597 1927 1697 1969 hane

209 2032 354 2067 vocem,
389 2030 488 2073 quae
510 2015 570 2057 bis
594 2022 747 2056 tantum
771 2021 998 2069 usurpatur,
1034 2011 1081 2053 de
1111 2026 1199 2053 arca
1220 2009 1372 2052 Noachi
1396 2007 1508 2064 (Gen.
1531 2011 1598 2061 VI,
1627 2008 1695 2064 14)

207 2110 244 2143 et
276 2101 322 2142 de
355 2100 485 2141 arcula
516 2101 553 2140 in
589 2113 667 2155 qua
687 2097 821 2139 Moses
849 2111 947 2153 puer
980 2097 1186 2152 expositus
1220 2103 1278 2136 est
1311 2092 1401 2148 (Ex.
1425 2095 1468 2145 ll,
1493 2094 1532 2144 3,
1557 2092 1613 2148 5),
1647 2093 1696 2136 ad

207 2185 379 2241 linguam
399 2183 637 2240 Aegyptiam
668 2180 908 2223 referendam
941 2195 1036 2222 esse.
1084 2180 1127 2220 In
1153 2181 1273 2221 veteri
1299 2180 1399 2219 enim
1420 2178 1696 2236 Aegyptorum

208 2282 396 2316 sermone,
431 2275 475 2308 ut
506 2268 544 2307 in
576 2267 790 2307 recentiore
815 2263 979 2320 Coptica
1013 2263 1190 2313 dialecto,
1225 2263 1316 2305 teba
1348 2271 1406 2304 est
1438 2277 1548 2316 arca,
1583 2264 1694 2317 cista,

210 2352 267 2393 vel
299 2349 578 2407 sarcophayus
610 2346 716 2402 (vide
747 2348 920 2396 Bunsen,
954 2347 1100 2404 Egypt.
1121 2347 1148 2387 I.
1179 2361 1269 2403 pag.
1293 2345 1393 2388 482.
1425 2361 1490 2387 no.
1517 2344 1599 2387 517
1634 2346 1694 2388 ed.

208 2431 357 2492 Angl.).
430 2433 515 2476 Jam
556 2447 670 2482 vero,
722 2433 789 2488 qui
828 2432 1025 2487 Aegygtia
1075 2429 1213 2486 cymba
1261 2429 1380 2485 elapsi
1421 2437 1531 2479 sunt,
1581 2431 1607 2471 ii
1647 2444 1696 2471 ex

208 2519 394 2575 Aegypto
440 2517 573 2574 fugam
621 2522 852 2572 capessunt;
906 2515 1117 2570 quinetiam
1163 2516 1290 2570 203,
1344 2514 1552 2569 mysticum
1600 2513 1695 2555 illud

208 2603 382 2659 Aegypti
413 2614 642 2657 cognomen,
677 2599 725 2641 ab
756 2600 926 2654 antiquis
950 2595 1226 2653 interpretibus
1247 2595 1339 2637 Jobi
1363 2592 1524 2648 (XXVI,
1554 2593 1623 2650 12)
1646 2596 1695 2638 ad

210 2685 509 2727 tumultuantem
542 2685 658 2725 maris
690 2685 877 2738 impetum
909 2680 1086 2730 refertur,
1126 2689 1164 2721 et
1194 2682 1234 2720 in
1265 2680 1351 2721 loco
1386 2679 1545 2722 classico
1579 2694 1694 2737 quem

209 2768 309 2810 infra
342 2767 545 2824 explicabo
581 2764 662 2820 (Ps.
686 2766 857 2816 LXVIII,
883 2762 975 2818 23),
1010 2763 1106 2806 illud
1139 2766 1266 2821 ipsum
1300 2779 1471 2814 carmen,
1514 2763 1622 2820 quod
1654 2765 1692 2804 in

211 2852 438 2894 Solomonei
469 2851 603 2907 templi
636 2849 917 2891 dedicationem
944 2851 1131 2906 scriptum
1154 2857 1223 2899 est,
1259 2851 1312 2890 sic
1333 2849 1510 2905 loquitur
1532 2846 1577 2889 de
1599 2861 1693 2903 pro-

210 2938 327 2977 missa
335 2935 538 2993 ,Israelitis
569 2933 848 2992 tranquillitate
860 2948 869 2974 :
