1867 3301
931 202 995 250 24

220 346 383 402 leginms
419 342 606 397 (XXXV,
632 341 670 393 9,
699 340 768 396 10)
802 342 926 384 Deum
959 341 1106 383 Jacobo
1141 343 1388 399 apparuisse,
1429 355 1550 398 quum
1581 356 1710 383 rever-

222 437 369 469 teretur
410 443 427 468 e
460 428 766 482 Mesopotamia,
813 428 923 481 eique
964 426 1024 466 his
1063 425 1191 466 verbis
1233 426 1503 467 benedixisse:
1546 440 1711 466 »nomen

224 521 334 552 tuum
374 526 454 551 non
493 509 659 565 amplius
701 507 908 549 vocabitur
949 507 1149 560 Jamlm,
1193 508 1261 549 sed
1291 508 1422 549 Israel
1459 509 1531 548 erit
1569 522 1712 548 nomen

225 603 359 636 tuum«
387 619 430 624 —
457 592 565 649 quod
589 607 675 632 cum
696 590 966 632 benedictione
989 591 1098 631 aliter
1121 605 1333 647 congruere
1357 593 1511 646 nequit,
1541 604 1657 646 quam
1679 591 1712 630 si

223 677 435 719 reseramus
476 678 649 731 priorem
687 676 856 714 nominis
897 682 1046 730 partem
1086 674 1135 714 ad
1169 673 1329 714 verbum
1368 667 1505 733 Ἶῖᾅδζ,
1545 671 1714 729 felicem

216 760 479 815 praedicavit
511 755 623 810 (Gen.
653 756 792 806 XXX,
830 755 918 810 13),
962 757 1063 798 unde
1095 772 1198 798 unus
1232 771 1250 797 e
1282 756 1419 797 Jacobi
1451 747 1538 796 filii's
1571 770 1713 796 nomen

225 857 339 883 suum
373 841 584 882 deduxisse
609 840 789 881 traditur.
838 840 947 881 Hanc
971 840 1235 896 compilatoris
1259 840 1520 895 conjecturam
1543 838 1591 879 ad
1616 840 1714 879 veri-

223 934 340 966 tatem
374 927 554 981 proxime
580 925 786 964 accessisse
810 922 1052 964 demonstrat
1073 938 1214 964 nomen
1236 907 1463 989 ΠῘἸΝἾΨζζ
1492 920 1523 974 (l
1543 921 1712 977 Paralip.

224 1008 355 1057 XXV,
381 1005 424 1060 2)
458 1007 519 1048 vel
549 990 756 1074 ΠξΝἾῖζΙἾ
790 1004 843 1058 (v.
871 1003 961 1058 14),
997 1006 1105 1061 quod
1127 1005 1311 1061 explicari
1332 985 1465 1061 potest
1487 1011 1639 1046 erectus
1661 1004 1718 1045 ad

225 1091 375 1134 Deum.
437 1090 536 1131 Nam
569 1094 687 1156 Ἶῑζῐθτζ
727 1098 765 1130 et
795 1086 910 1155 'tu-72,
953 1097 998 1129 ut
1036 1103 1157 1144 supra
1195 1090 1350 1137 monui,
1397 1087 1554 1128 eandem
1595 1088 1715 1143 signi-

226 1174 464 1223 ficationem,
500 1173 644 1214 formas
676 1173 812 1213 leviter
844 1174 1066 1212 immutatas
1099 1170 1257 1211 habent.
1317 1169 1460 1212 Omnes
1493 1172 1613 1218 enim,
1649 1171 1715 1226 qui

226 1256 441 1298 Hebraeam
483 1258 772 1313 grammaticam
812 1255 968 1304 callent,
1010 1256 1103 1295 satis
1136 1262 1333 1295 noverunt
1362 1254 1530 1295 litteram
1560 1258 1597 1298 N
1629 1255 1668 1294 in
1701 1258 1717 1285 Ὗ

228 1340 336 1381 facile
379 1342 541 1381 transire
577 1353 708 1395 posse.
770 1337 963 1394 Equidem
994 1337 1125 1378 nullus
1159 1336 1297 1378 dubito
1330 1339 1500 1393 priorem
1533 1336 1717 1392 compila-

229 1425 326 1465 toris
370 1423 648 1479 etymologiam
696 1437 745 1463 ex
784 1436 829 1462 eo
872 1421 1078 1462 dumtaxat
1115 1435 1309 1470 manasse,
1360 1419 1488 1476 quod,
1536 1427 1718 1475 respectu

229 1505 364 1548 habito
406 1506 455 1547 ad
494 1506 765 1554 luctationem,
807 1519 951 1545 nomen
980 1504 1131 1555 israelis
1171 1519 1244 1559 pro
1285 1503 1447 1544 arbitrio
1488 1517 1562 1544 suo
1599 1504 1718 1543 inter-

229 1592 375 1646 pretari
408 1589 547 1630 voluit.
614 1587 732 1641 Quod
772 1587 822 1628 ad
863 1587 1068 1628 discrimen
1108 1589 1265 1636 attinet,
1311 1586 1420 1642 quod
1460 1588 1559 1627 inter
1589 1587 1652 1627 sin
1682 1593 1720 1627 et

230 1672 320 1713 sltin
360 1671 582 1721 intercedit,
625 1670 723 1711 illud
763 1671 893 1711 locum
931 1669 1074 1710 habere
1116 1685 1196 1710 non
1236 1671 1367 1725 potuit
1400 1677 1486 1710 ante
1518 1671 1718 1710 inventum

231 1755 329 1796 illud
360 1757 515 1811 signum
548 1754 807 1803 diacriticum,
843 1754 960 1809 idque
989 1754 1214 1794 recentioris
1240 1751 1455 1793 industriae
1486 1751 1605 1793 fuisse
1627 1752 1720 1792 affa-

232 1841 301 1880 tim
335 1846 500 1879 constat.
547 1837 598 1878 Et
630 1852 752 1893 quum
783 1838 890 1877 natio
914 1836 1121 1877 ls1aelitica
1151 1834 1375 1876 nominibus
1399 1832 1494 1881 ἾΨἾ
1520 1843 1558 1876 et
1587 1838 1720 1903 ῙἾἾΨἿ

232 1922 616 1978 gaudeiet,r1tioni
649 1928 950 1961 consentaneum
985 1927 1043 1960 est
1073 1919 1370 1974 appellationem
1392 1889 1563 1964 ιἺΝἾῖΗἾ
1585 1918 1720 1959 eodem

232 2007 439 2062 peltinere.
502 2003 595 2044 Fuit
633 2005 754 2059 igitui
785 2002 1025 2059 lelligiosum
1058 2004 1143 2058 piae
1175 2003 1302 2058 gentis
1335 2016 1571 2058 cognomen,
1615 2001 1721 2042 haud

235 2089 345 2129 aliter
385 2102 501 2143 quam
542 2101 664 2143 quum
698 2085 835 2139 Siklia,
879 2087 945 2142 qui
977 2085 1313 2141 Pentapotamiam
1344 2084 1513 2126 Indicam
1544 2084 1722 2141 posside-

235 2171 349 2220 bant,
384 2185 525 2210 nomen
559 2169 634 2210 sihi
667 2171 882 2210 sanctitatis
915 2168 1152 2209 indiderunt.

355 2253 439 2295 Jam
464 2267 555 2293 vero
590 2254 683 2293 satis
717 2260 895 2292 constare
928 2251 1060 2300 dehet,
1097 2252 1221 2307 qualis
1255 2250 1373 2292 fuerit
1402 2250 1499 2292 liber
1530 2251 1591 2292 ille
1613 2254 1721 2318 ἾΨΣ.

236 2338 330 2378 Fuit
361 2335 624 2392 proculdubio
660 2335 834 2376 collectio
859 2343 1033 2375 veterum
1066 2336 1277 2374 carminum
1309 2334 1551 2389 aliorumque
1581 2349 1723 2375 monu-

238 2429 457 2462 mentorum
491 2418 539 2459 ad
570 2420 752 2474 pietatem
784 2420 908 2474 ipsam
941 2425 1056 2473 atque
1089 2416 1138 2457 ad
1169 2416 1306 2472 populi
1328 2416 1576 2457 Jehovicolae
1599 2417 1724 2458 histo-

239 2507 335 2546 riam
366 2504 655 2559 pertinentium.
705 2500 796 2542 Sive
829 2515 916 2541 cum
939 2500 992 2541 Gr
996 2514 1036 2540 te
1042 2515 1085 2540 co
1118 2497 1253 2566 ἾΨἎΓ]
1275 2503 1375 2545 ἿΞΌ
1397 2498 1536 2539 leddas
1557 2498 1725 2552 βίβλων

239 2587 315 2628 τοῦ
346 2584 525 2634 amose,
565 2587 646 2625 sive
679 2599 765 2625 cum
800 2583 996 2625 Chaldaeo
1038 2586 1260 2629 ΝΠἺἾἹΝἾ
1291 2587 1432 2627 ΝἾΞΌ
1464 2584 1488 2622 i.
1513 2598 1544 2623 c.
1578 2583 1725 2623 librum

241 2671 339 2726 Zeyzs
359 2665 397 2721 ¹),
433 2667 641 2709 concludas
673 2682 827 2708 necesse
861 2675 936 2716 est,
973 2666 1075 2707 hunc
1107 2666 1249 2706 lilnum
1281 2674 1486 2721 syntagma
1516 2664 1635 2706 fuisse
1658 2673 1726 2706 aut

345 2785 367 2826 ¹)
400 2783 573 2828 Joscphus
601 2783 845 2829 quadamtenus
873 2782 1037 2829 signifieat
1063 2781 1185 2815 librum
1213 2782 1296 2839 Ἶῐτῃζ
1322 2780 1497 2826 intemplo
1517 2786 1724 2815 asservatum

244 2854 351 2889 fuisse
378 2854 507 2899 (Antiq.
525 2854 568 2896 V,
589 2853 631 2889 17
650 2854 667 2899 ξ
688 2854 734 2899 1),
761 2854 850 2889 unde
877 2854 1116 2899 consequimur
1141 2852 1264 2886 librum
1290 2852 1374 2898 legis
1402 2853 1435 2886 in
1454 2851 1509 2885 illa
1529 2850 1726 2886 collectione

244 2925 350 2960 fuisse
377 2924 555 2959 inclusum.
