1867 3301
959 185 1061 235 340

507 323 639 370 ἔνθεν
670 341 731 377 τις
763 321 850 383 ἠχώ
884 324 1065 379 χθόνιος
1096 323 1151 376 ὡς
1181 327 1337 384 βροντη
1369 323 1474 377 Διὸς

505 396 645 455 βαρὺν
675 398 839 455 βρόμον
869 398 1052 455 μεθῆκε,
1086 397 1280 455 φρικώδη
1311 397 1466 441 κλύειν.

260 495 393 553 Atque
431 494 523 536 hinc
562 494 668 536 aliud
700 503 973 552 argumentum
1005 493 1126 536 habes
1156 494 1260 536 uncle
1290 496 1504 552 perspicias
1537 492 1752 538 Cherubim

261 580 349 621 illos
391 587 429 620 et
462 577 689 635 Sao-ophim
728 579 825 620 nihil
865 577 970 619 aliud
1009 577 1129 620 fuisse
1175 580 1251 620 nisi
1292 578 1497 620 nimbosos
1536 586 1676 620 ventos
1715 586 1753 620 et

260 662 418 720 fulgura
459 661 603 719 quibus
641 661 794 703 Jehova
840 670 1025 718 tanquam
1067 664 1255 704 ministris
1301 664 1381 704 suis
1420 662 1618 704 utebatur.
1679 661 1753 703 Hic

261 749 361 787 enim
396 754 442 787 ut
473 746 563 787 alibi
586 745 760 787 Jehovae
794 760 948 787 currum
984 731 1242 788 constituunt.
1288 745 1434 788 Vocem
1460 748 1583 813 Um?
1608 753 1750 794 autem,

262 844 360 886 quae
394 829 441 870 de
473 830 683 871 multarum
707 843 896 886 aquarum
920 832 1087 885 strepitu
1110 831 1291 886 usurpari
1314 837 1446 886 potest
1469 826 1550 882 (Ps.
1567 827 1691 878 LXV,
1710 827 1760 878 8)

259 912 338 955 Jes.
362 913 490 963 XVII,
520 911 592 963 12,
623 910 718 965 13),
762 914 908 969 optime
950 912 1141 968 quadrare
1181 915 1220 953 in
1259 912 1364 953 hunc
1404 913 1544 952 summi
1579 912 1750 952 numinis

262 998 507 1046 comitatum,
544 996 669 1037 discas
696 1011 746 1037 ex
765 995 1010 1052 Apocalypsi
1031 995 1147 1046 XIX,
1173 993 1218 1037 ὃς
1251 996 1321 1035 καὶ
1342 990 1506 1049 ἤκουσα
1528 991 1583 1044 ὡς
1603 990 1753 1051 φωνὴν

261 1080 395 1133 ὄχλου
424 1078 590 1122 πολλοῦ
623 1082 693 1120 καὶ
726 1076 877 1135 φωνὴν
915 1077 1123 1121 ὑδάτων
1162 1077 1374 1121 πολλῶν
1412 1079 1484 1120 καὶ
1514 1075 1570 1126 ὡς
1601 1073 1752 1135 φωνήν

258 1163 505 1220 βροντῶν
552 1163 780 1218 ἵσχυρῶν
826 1161 1038 1215 λεγόντων
1069 1159 1330 1217 Ἀλληλούϊοι
1376 1159 1442 1202 ὅτι
1480 1159 1752 1215 ἐβασίλευσεν

259 1247 400 1304 κύριος
433 1243 455 1288 ὃ
488 1243 596 1296 θεὸς
626 1245 648 1288 ὁ
683 1246 1001 1301 παντοκράτωρ.
1061 1245 1142 1287 Nec
1178 1245 1354 1307 oblivisci
1390 1253 1548 1302 oportet
1578 1247 1750 1288 sonitum

257 1331 444 1373 buccinae
477 1327 648 1398 (ἾᾎἮΓ)
681 1314 808 1400 ῘἺἼΡ),
852 1332 919 1387 qui
953 1329 1178 1372 Sinaiticam
1211 1329 1459 1386 epiphaniam
1492 1328 1750 1371 comitabatur

259 1412 405 1468 (Exod.
428 1415 529 1465 XX,
559 1413 623 1464 16,
650 1411 740 1468 19),
775 1423 813 1456 et
845 1429 959 1471 quem
993 1412 1221 1465 σάλπιγγος
1253 1410 1358 1472 ἀϋτῇ
1391 1421 1591 1470 comparat
1612 1420 1750 1454 auctor

255 1498 383 1555 Epist.
408 1498 457 1540 ad
478 1497 597 1539 Hebr.
620 1498 711 1548 XII,
736 1496 801 1548 19,
836 1497 886 1539 ad
911 1497 1135 1554 Symmachi
1160 1492 1379 1552 ἠχούντων
1411 1505 1585 1554 spectare
1615 1510 1747 1554 posse.

255 1580 491 1623 Particulam
525 1583 829 1638 comparationis
862 1590 950 1622 ante
983 1585 1080 1642 ³9³3
1115 1583 1296 1622 omissam
1329 1595 1430 1631 esse,
1463 1582 1534 1621 vix
1565 1595 1666 1636 opus
1691 1586 1750 1621 est

256 1673 303 1706 ut
333 1680 533 1716 moneamg
568 1665 614 1706 cf.
638 1666 703 1707 Ps.
730 1663 893 1715 CXXV,
918 1664 957 1706 2.
1019 1665 1099 1706 Alii
1131 1672 1291 1706 vertunt
1323 1662 1446 1705 Sinai
1477 1670 1534 1705 est
1561 1664 1606 1705 in
1639 1660 1747 1705 San-

257 1749 435 1802 ccuario,
477 1763 513 1805 q.
546 1748 583 1790 d.
619 1748 742 1791 Sinai
780 1749 824 1790 in
859 1748 1046 1790 Tsionem
1085 1749 1264 1802 transiit,
1306 1747 1415 1805 quod
1454 1747 1549 1789 mihi
1590 1745 1746 1804 quidem

255 1831 363 1874 haud
395 1834 449 1873 ita
481 1832 637 1874 arridet.

375 1931 413 1957 v.
442 1914 508 1958 19.
547 1916 663 1957 Hune
693 1930 871 1966 versum,
911 1929 1025 1973 quem
1058 1930 1107 1957 ex
1138 1914 1317 1958 Deborae
1351 1916 1498 1956 cantico
1531 1915 1746 1956 imitatione

257 2014 487 2056 expressum
527 2014 609 2041 esse
636 2000 717 2056 jam
751 2014 871 2056 supra
902 2001 1059 2050 notavi,
1100 2008 1201 2041 recte
1232 2002 1510 2056 interpretatus
1544 2006 1603 2040 est
1631 1998 1747 2040 Mau-

254 2097 380 2132 rerus,
416 2085 482 2140 qui
514 2084 752 2124 locutionem
785 2084 933 2151 Εἶζξέ
965 2078 1127 2150 nimy?
1161 2066 1309 2152 ζῚῐ-Ὶῑὲἦτ
1341 2084 1395 2124 sic
1417 2082 1616 2139 intelligit:
1649 2096 1744 2124 »ac-

256 2167 358 2222 cipis
391 2166 501 2208 dona
533 2182 638 2224 quae
671 2167 728 2209 ad
746 2166 928 2208 homines
952 2168 1172 2223 pertinent,
1205 2168 1365 2223 proprie
1389 2165 1497 2223 quod
1520 2164 1744 2208 Germanice

255 2249 420 2291 dicimus
461 2265 515 2291 an
546 2250 786 2303 Illensclzen,
830 2258 876 2291 ut
909 2249 1004 2291 Gen.
1023 2250 1112 2299 VII,
1145 2248 1196 2292 21
1240 2258 1278 2291 et
1316 2249 1448 2291 alibi.«
1509 2249 1560 2291 Et
1598 2248 1743 2290 dictum

252 2341 370 2390 putat
401 2332 447 2374 de
479 2335 525 2374 iis
553 2333 726 2390 populis,
762 2335 827 2390 qui
851 2333 955 2374 ultro
979 2348 1018 2374 se
1042 2333 1175 2375 divino
1199 2335 1361 2390 imperio
1386 2332 1599 2390 subjecturi
1620 2339 1741 2382 erant,

253 2431 403 2473 nempe,
431 2417 476 2458 (le
499 2417 722 2473 proselytis.
763 2416 820 2458 De
839 2415 1070 2458 Schnurreri
1094 2418 1427 2473 interpretatione,
1453 2431 1568 2473 quam
1589 2415 1743 2457 Roseu-

252 2500 438 2542 niiillerus
463 2499 624 2556 probat,
660 2515 797 2557 nempe
831 2502 996 2557 »accipis
1032 2515 1191 2541 munera
1223 2502 1322 2541 inter
1354 2500 1544 2547 homines,
1579 2497 1740 2539 rebelles

253 2585 417 2633 etiam«,
467 2592 512 2625 ut
550 2584 722 2625 Jehovae
763 2599 924 2625 munera
961 2583 1009 2624 ab
1050 2583 1209 2624 infensis
1249 2585 1362 2624 etiam
1402 2581 1628 2623 hominibus
1670 2580 1742 2622 ob-

251 2666 329 2708 lata
362 2667 640 2723 significentur,
676 2667 854 2724 obsequii
887 2676 924 2709 ct
957 2666 1226 2709 observantiae
1259 2681 1395 2715 causa,
1427 2665 1636 2707 Maurerus
1667 2665 1738 2706 ait:

252 2758 414 2806 »aptum
455 2750 530 2791 hoc
563 2764 720 2807 quoque
760 2752 834 2791 nisi
878 2750 987 2807 quod
1027 2753 1079 2792 ita
1121 2750 1267 2817 Πῖζξᾎ
1305 2758 1364 2790 est
1397 2750 1605 2790 otiosius.«
1666 2747 1739 2789 Hic

250 2833 362 2874 locus
402 2833 662 2890 theologicam
704 2835 972 2875 auctoritatem
1014 2848 1094 2875 non
1126 2848 1235 2874 suam
1268 2832 1341 2874 sibi
1375 2832 1595 2874 conciliavit
1627 2831 1738 2872 dum·

251 2923 361 2960 taxat
392 2925 601 2974 propterea
634 2917 742 2973 quod
774 2926 912 2959 auctor
941 2916 1142 2974 Epistolae
1173 2916 1223 2958 ad
1253 2916 1447 2973 Ephesios
1481 2912 1562 2968 (IV,
1589 2912 1652 2969 8),
1693 2921 1738 2955 ut
