1867 3301
130 568 200 595 Gen.
217 567 321 596 xmx.

293 609 336 646 [8]

292 759 336 794 [9]

273 1093 338 1129 110]

272 1427 336 1463 111]

271 1762 335 1799 [12]

272 2013 336 2049 [13]

272 2264 336 2299 [14]

271 2431 335 2467 [15]

272 2847 337 2884 [16]

827 190 922 236 181

370 331 421 373 Et
451 331 562 371 furor
593 345 748 380 eorum,
784 332 970 386 quoniam
1005 329 1079 373 fuit
1110 330 1364 374 effraenatus:

371 414 606 470 Dispertiam
639 429 706 455 eos
740 416 779 455 in
810 413 974 463 Jacobo,

371 497 420 538 Et
453 496 654 554 dissipabo
689 513 756 539 cos
790 499 828 538 in
860 498 1010 539 Israele.

369 580 478 623 Jfflla
508 590 553 622 tu
586 596 625 622 es
658 581 719 622 ille
754 596 868 638 quem
901 580 1232 623 concelebrabunt
1264 581 1402 624 fratres
1434 584 1504 624 tui.

367 665 511 707 Manus
545 673 611 706 tua
643 667 716 706 erit
747 667 786 705 in
819 666 965 706 cervice
999 665 1175 707 hostium
1208 674 1408 708 tuorum(

373 747 536 791 Catulus
570 749 693 789 leonis
726 756 799 789 est·
815 747 930 789 Juda.

368 833 406 874 A
436 831 602 888 praeda,
637 834 688 872 mi
719 831 793 880 fili,
828 832 1110 874 conscendistil

368 917 552 957 Incurvat
583 930 644 965 se,
678 914 904 971 procumbit
935 924 981 956 ut
1011 916 1071 957 leo
1105 924 1143 958 et
1173 916 1326 966 leaena3

372 999 467 1053 Quis
501 1014 588 1040 eum
620 999 806 1040 lacessere
839 998 1011 1040 audeat?

371 1082 461 1124 Non
496 1082 654 1125 decedet
686 1091 882 1139 sceptrum
914 1082 1062 1133 Judae,

369 1165 449 1208 Nec
481 1168 602 1223 scipio
637 1182 656 1208 e
688 1166 815 1207 medio
849 1166 994 1223 pedum
1027 1168 1124 1223 ejuS‚

368 1250 502 1291 Donec
534 1252 684 1291 venerit
715 1250 989 1307 tranquillitas,

366 1333 418 1374 Et
448 1342 583 1391 gentes
617 1335 650 1374 ei
683 1332 943 1375 obedientiam
975 1336 1252 1390 praestiterint.

369 1416 547 1474 Alligans
580 1419 651 1458 viti
683 1417 863 1466 asellum,

368 1500 419 1542 Et
449 1515 641 1558 generoso
674 1501 823 1557 palmiti
855 1500 977 1542 filium
1010 1503 1139 1543 asinae
1172 1517 1284 1554 suae,

366 1583 603 1626 Lavabitin
635 1587 727 1626 vino
761 1587 1037 1627 vestimentum
1071 1600 1208 1636 suum,

366 1669 408 1709 In
441 1683 606 1710 uvarum
641 1671 831 1725 sanguine
864 1671 1047 1710 amictum
1080 1685 1217 1721 suum3

368 1751 501 1809 Atque
536 1752 637 1793 oculi
672 1753 755 1808 ejus
788 1753 930 1794 hilares
964 1762 1079 1794 erunt
1110 1769 1204 1810 prae
1237 1756 1344 1804 vino,

368 1835 466 1877 Prae
497 1836 594 1878 lacte
628 1836 761 1878 dentes
795 1837 878 1892 ejus
913 1836 1121 1878 albescent.

821 1918 843 1973 ξ
876 1919 915 1961 2.

373 2001 550 2045 zebulon
582 2003 631 2044 ad
664 2018 772 2044 oram
804 2005 1034 2044 maritimam
1066 2003 1279 2054 habitabit,

368 2086 418 2127 Et
450 2089 532 2143 ipse
564 2086 730 2127 navibus
764 2095 923 2143 portum
955 2086 1178 2143 praebebit,

367 2170 598 2227 Pertingens
632 2184 755 2226 usque
789 2170 837 2211 ad
871 2170 1098 2213 Tsidonem.

369 2253 532 2295 lSsacal'
563 2256 636 2294 erit
667 2256 798 2295 asinus
831 2253 1022 2296 robustus

367 2336 635 2379 Procumbens
668 2339 769 2378 inter
799 2338 998 2394 repagula.

368 2420 530 2462 Videbit
562 2423 663 2462 enim
695 2423 909 2478 requietem
940 2421 1084 2462 bonam
1117 2436 1222 2471 esse,

366 2504 418 2546 Et
449 2513 589 2545 terram
623 2519 706 2546 esse
738 2519 952 2546 amoenam.

367 2587 583 2629 Humerum
615 2590 736 2645 igitur
768 2589 948 2643 subjiciet
981 2590 1089 2629 oneri
1122 2588 1295 2638 ferendo,

368 2671 419 2712 Et
450 2673 617 2715 servitiis
651 2671 842 2713 (lemensis
877 2671 1077 2713 obnoxius
1110 2673 1193 2712 erit.

822 2753 843 2808 ἓ
878 2754 916 2796 3.

371 2837 457 2879 Dan
481 2837 677 2893 judicabit
706 2838 901 2895 populum
933 2853 1068 2888 suum,

371 2920 577 2978 Tanquam
609 2924 788 2978 princeps
823 2924 922 2963 inter
953 2921 1079 2963 tribus
1112 2923 1275 2964 Israelis
