1867 3301
961 165 1060 213 264

265 298 485 367 appellatur
515 303 652 369 0753]
683 290 816 369 ¹747sp
859 305 1068 348 Γαλιλαία
1105 302 1376 361 ἀλλοφύλων.
1429 305 1652 357 Praeterea,
1692 307 1754 349 bis

265 395 444 450 injectam
475 395 712 434 mentionem
734 372 912 433 videmus
945 389 992 431 de
1024 405 1113 446 rege
1143 388 1425 439 ›³Nationum,«
1458 392 1540 431 sine
1570 390 1651 431 ulla
1681 390 1756 431 alia

267 477 535 534 designatione
569 473 683 528 (Gen.
706 474 813 525 XIV,
849 474 885 516 1.
918 474 1002 515 Jos.
1025 473 1115 523 XII,
1148 471 1241 526 23),
1283 472 1353 514 ubi
1383 482 1512 514 tamen
1546 472 1754 515 Galilaeam

264 563 376 603 innui
408 568 583 617 apparet.
624 558 848 600 Putandum
882 566 940 599 est
968 560 1089 614 igitur
1108 559 1341 613 permixtam
1363 559 1558 598 variarum
1580 559 1755 615 gentium

272 670 318 676 --
346 644 560 701 Syrorum,
593 643 855 691 Phoenicum,
882 641 1204 691 Canaanitarum‚
1230 641 1534 683 Philistaeorum
1560 666 1607 673 —
1634 640 1756 682 collu-

266 731 367 770 viem
400 727 447 769 ab
477 729 758 784 antiquissimis
780 721 1087 783 temporibusin
1110 724 1415 781 Septentrionali
1436 725 1657 766 Palaestina
1677 739 1757 767 una

266 815 435 863 vixisse3
468 821 506 853 et
538 826 658 869 quum
691 810 934 867 singularum
964 809 1123 850 urbium
1156 809 1280 866 reguli
1311 811 1427 850 unius
1461 808 1664 866 cujusdam
1685 811 1757 851 im-

264 898 376 954 perio
398 897 629 953 plerumque
652 903 781 935 essent
804 893 987 942 obnoxii,
1020 895 1052 933 is
1076 892 1249 933 scililicet
1269 887 1406 953 Dffizr]
1429 876 1549 960 ηιῄγέ,
1573 894 1598 933 i.
1617 907 1650 933 e.
1673 891 1757 934 τῶν

267 979 413 1021 ἐθνῶν
443 978 654 1033 βασιλεύς,
687 978 906 1034 appellatus
940 984 1009 1017 est.
1050 975 1113 1017 Ex
1134 974 1281 1016 Josuae
1312 975 1412 1016 libro
1437 972 1486 1028 (c.
1508 975 1576 1025 XI,
1605 973 1623 1017 1
1650 973 1754 1033 sqq.)

267 1072 492 1120 comparato
535 1078 621 1104 cum
661 1070 800 1102 nostro
841 1062 990 1101 cantico
1032 1056 1086 1112 (V.
1121 1056 1190 1112 19)
1231 1068 1394 1115 apparet
1430 1060 1562 1116 plures
1597 1060 1756 1117 regulos

266 1149 407 1190 harum
452 1149 658 1188 nationum
696 1145 839 1186 Jabino
882 1142 1064 1185 subditos
1112 1142 1254 1192 fuisse,
1302 1145 1370 1199 qui
1410 1152 1586 1200 satrapae
1626 1142 1756 1185 Sisrae

268 1231 515 1274 obediebant.
572 1230 658 1272 Jam
690 1243 783 1270 vero
826 1227 955 1277 Sisra,
998 1226 1127 1268 Jabini
1161 1226 1390 1276 Chatzorei‚
1432 1229 1456 1267 i.
1489 1242 1520 1268 e.
1561 1226 1637 1268 τοῦ
1673 1225 1758 1268 τῶν

267 1315 414 1357 ἐθνῶν
433 1312 653 1368 βασιλέως,
686 1320 934 1369 procurator,
968 1313 1070 1352 inter
1091 1311 1161 1351 has
1192 1290 1405 1367 permixtas
1438 1325 1482 1352 ac
1507 1309 1756 1368 perturbatas

266 1402 445 1442 nationes
478 1396 701 1446 habitabat,
736 1398 775 1437 in
807 1394 904 1437 urbe
938 1395 1106 1451 quadam
1129 1409 1228 1451 quae
1261 1390 1438 1454 ΠΨἾἾῌ
1471 1394 1664 1452 appellata
1685 1402 1754 1444 est,

267 1487 291 1525 i.
317 1499 348 1525 e.
384 1478 722 1536 ξυλοτομόπολις
748 1480 809 1521 vel
841 1478 1068 1520 »fabrorum
1101 1455 1325 1535 oppiduma}
1363 1457 1547 1520 Asiaticis
1578 1480 1756 1535 tyrannis
1798 1528 1800 1531 v

268 1582 420 1624 semper
440 1568 560 1608 moris
592 1565 677 1614 fuit,
712 1572 757 1605 ut
786 1563 938 1619 plenam
972 1577 1016 1603 ac
1046 1561 1207 1603 liberam
1229 1563 1396 1618 satrapis
1419 1564 1500 1603 suis
1522 1570 1757 1619 potestatem

266 1651 542 1708 relinquerent,
576 1647 695 1689 modo
726 1646 929 1703 vectigalia
961 1645 1140 1687 subditae
1171 1644 1397 1702 provi'n'ciae
1429 1645 1566 1687 sedulo
1599 1645 1759 1688 collecta

269 1743 399 1776 essent
429 1748 473 1775 ac
505 1732 749 1773 dinumerata
779 1732 819 1771 in
851 1732 1055 1771 aerarium.
1103 1729 1228 1786 Regio
1261 1730 1336 1779 illa,
1372 1744 1489 1786 quam
1518 1728 1760 1786 procurabat

269 1818 391 1868 Sisra,
425 1832 447 1859 a
477 1816 629 1859 Libano
662 1829 788 1872 usque
820 1814 870 1855 ad
903 1813 1122 1856 Carmelum
1156 1822 1193 1854 et
1225 1812 1442 1862 Taborem,
1481 1815 1665 1870 pretiosis
1697 1828 1758 1855 ar-

266 1901 433 1944 boribus
475 1899 720 1949 abundabat,
760 1900 990 1955 praesertim
1029 1897 1173 1948 cedris,
1217 1911 1382 1954 quarum
1419 1904 1514 1938 tunc
1553 1896 1759 1953 multiplex

269 1995 352 2029 erat
387 2000 507 2035 usus,
549 1998 646 2041 quas
685 1985 806 2040 igitur
837 1985 954 2023 vicini
992 1996 1103 2039 reges
1144 1996 1296 2022 summo
1337 1980 1469 2022 studio
1509 1979 1756 2038 appetebant.

271 2070 521 2127 Quapropter
552 2067 700 2109 Jesaias
732 2066 927 2123 propheta
958 2066 1057 2107 hanc
1088 2065 1340 2121 jactationem
1374 2063 1615 2107 Sancheribo
1649 2066 1759 2106 attri-

267 2153 375 2195 buit:
409 2153 520 2209 »Ego
556 2166 642 2193 cum
675 2166 859 2192 curruum
893 2165 1068 2192 meorum
1100 2149 1349 2190 multitudine
1381 2150 1573 2190 montium
1604 2147 1759 2205 fastigia

270 2238 481 2294 occupavi,
510 2237 708 2276 cacumina
723 2233 882 2285 Libaniz,
906 2235 1104 2291 prostravi
1128 2233 1263 2274 cedros
1286 2234 1369 2289 ejus
1391 2247 1588 2290 proceras,
1612 2231 1758 2274 abietes

270 2322 354 2377 ejus
384 2320 752 2378 praestantissimas,
791 2317 999 2359 Penetravi
1030 2316 1080 2358 ad
1101 2332 1291 2358 summam
1312 2317 1395 2372 ejus
1418 2315 1674 2366 altitudinem,
1707 2315 1757 2357 ad

270 2405 422 2461 sylvam
454 2405 537 2459 ejus
570 2404 907 2444 amoenissimam«
941 2397 984 2454 (2
1005 2400 1104 2457 Reg.
1127 2400 1234 2449 XIX,
1260 2397 1345 2453 23).
1385 2399 1518 2456 Atque
1548 2401 1687 2440 iterum
1716 2400 1756 2440 in

268 2488 459 2545 parabola
490 2496 626 2528 contra
655 2500 782 2543 regem
815 2484 1052 2541 Babylonis:
1091 2482 1312 2532 »Abietes,«
1345 2484 1492 2540 inquit,
1527 2491 1689 2523 »contra
1719 2491 1757 2524 te

271 2573 433 2613 laetatae
472 2579 585 2619 sunt,
627 2577 666 2610 et
697 2569 800 2611 cedri
832 2567 990 2618 Libani3
1031 2582 1080 2609 ex
1111 2581 1190 2623 quo
1225 2566 1421 2616 dormisti,
1463 2581 1546 2607 non
1577 2566 1759 2608 ascendet

272 2658 340 2712 qui
373 2653 548 2695 succidat
577 2668 675 2694 nos«
710 2650 805 2705 (Jes.
827 2652 934 2701 XIV,
967 2648 1024 2704 8).
1071 2651 1198 2708 Ergo,
1240 2648 1570 2707 quemadmodum
1600 2649 1755 2691 Pharao
1803 2636 1806 2637 ⁷

273 2737 321 2780 ab
353 2736 642 2794 antiquioribus
673 2736 856 2778 Israelitis
889 2735 1043 2777 servilia
1075 2748 1194 2791 opera
1215 2733 1409 2792 exigebat,
1443 2742 1481 2776 et
1500 2732 1686 2775 lateribus
1709 2747 1758 2774 ex

271 2823 356 2864 luto
390 2820 603 2862 formandis
625 2822 813 2877 varioque
845 2822 885 2861 in
917 2821 1020 2877 agris
1053 2820 1212 2860 servitio
1235 2820 1355 2859 vitam
1386 2819 1440 2860 eis
1472 2816 1649 2858 acerbam
1669 2815 1758 2857 red-

274 2905 401 2955 debat,
435 2907 487 2946 ita
510 2903 618 2946 Sisra
652 2917 823 2961 quoque,
854 2911 901 2945 ut
920 2902 1121 2960 vectigalia
1143 2917 1191 2943 ex
1214 2901 1422 2944 arboribus
1443 2899 1585 2942 Jabino
1607 2899 1756 2941 facilius
