1867 3301
865 205 1140 277 1339.

260 348 397 388 occisis
420 348 504 402 ejus
527 347 664 388 incolis
689 345 926 394 Canaanitis‚
960 344 1079 401 idque
1107 344 1206 387 filiae
1229 360 1333 396 suae,
1369 345 1596 387 Solomonis
1618 349 1748 397 uxori,

260 431 363 471 dotis
396 430 482 470 loco
517 429 676 470 dederat
709 427 748 481 (1
774 429 871 487 Reg.
895 428 962 478 IX,
991 426 1074 481 16),
1110 437 1148 471 et
1170 428 1333 470 Solomo
1358 431 1440 485 ipse
1463 429 1660 486 relliquias
1681 446 1751 486 pa-

259 528 452 570 ganorum
487 513 697 554 durissimo
722 515 882 554 servitio
906 511 1094 552 sollicitos
1118 511 1288 553 habebat
1311 509 1422 564 (ibid.
1447 529 1483 553 v.
1509 510 1595 566 21).
1633 512 1752 555 Prae-

263 606 364 638 terea
396 611 517 652 quum
540 598 695 637 minime
719 595 917 637 dubitaret
938 597 1114 647 inimicos
1138 610 1232 637 suos
1255 604 1380 637 morte
1401 596 1565 637 multare
1588 593 1628 649 (1
1652 595 1750 654 Reg.

259 681 303 730 ΙΙ,
328 678 397 730 25,
423 678 491 729 34,
515 677 603 732 46),
639 688 677 722 et
708 680 890 721 satellites
914 678 1087 730 haberet,
1122 681 1189 736 qui
1215 680 1330 734 jussa
1352 680 1435 735 ejus
1459 681 1601 736 quovis
1622 681 1750 736 pretio

262 771 592 819 exsequerentur,
636 772 681 804 ut
711 762 895 804 Benaiam
936 762 1062 812 illum,
1104 765 1172 819 qui
1204 761 1374 804 Joabum
1408 763 1467 804 vel
1505 765 1545 804 in
1582 765 1750 804 sacrario

263 847 415 896 oceidit,
450 862 530 887 non
563 846 678 888 video
713 861 782 888 cur
814 848 901 902 quis
935 861 1071 887 versus
1105 846 1143 895 5,
1169 845 1194 888 6
1226 861 1306 887 non
1340 848 1485 903 optime
1518 861 1602 888 cum
1635 845 1753 888 Solo-

261 933 389 973 monis
430 945 552 987 regno
593 945 808 987 congruere
848 929 1117 971 arbitraretur.
1171 929 1214 970 In
1256 931 1391 970 ceteris
1432 938 1561 971 autem
1604 944 1651 970 en
1681 929 1753 971 tibi

263 1014 428 1071 effigiem
468 1013 517 1054 ad
559 1013 786 1055 Solomonis
828 1013 1048 1069 exemplum
1090 1012 1232 1054 vividis
1273 1013 1472 1054 coloribus
1514 1027 1752 1069 expressam.

265 1098 580 1139 »Pulcherrimus
621 1097 851 1138 hominum«
892 1105 950 1137 est
989 1105 1125 1137 noster
1163 1111 1234 1137 rex
1273 1112 1311 1137 v.
1345 1095 1392 1146 33
1435 1105 1472 1137 et
1511 1097 1599 1153 quis
1638 1105 1755 1153 negat

263 1183 417 1222 venusti
435 1180 598 1221 Davidis
619 1189 655 1222 et
671 1180 858 1236 pulchrae
874 1180 1123 1221 Bathshehae
1140 1180 1261 1221 filium
1283 1182 1413 1237 ipsum
1432 1194 1591 1237 quoque
1607 1179 1756 1222 formo-

264 1280 350 1306 sum
398 1263 549 1305 fuisse?
601 1262 790 1306 »Summa
833 1266 961 1320 gratia
999 1272 1036 1304 et
1077 1265 1155 1304 oris
1197 1266 1417 1305 suavitate«
1457 1263 1658 1320 praeditus
1697 1272 1757 1305 est

264 1362 436 1404 sponsus
471 1349 608 1389 cantici
640 1349 787 1397 nostri3
821 1355 858 1389 et
890 1349 977 1403 quis
1011 1349 1201 1403 sapientia
1233 1356 1271 1388 et
1302 1347 1524 1404 eloquentia
1545 1345 1756 1404 superabat

265 1431 541 1480 Solomonem,
590 1433 658 1487 qui
703 1432 778 1471 tria
822 1430 940 1471 millia
981 1432 1281 1481 sententiarum,
1330 1432 1542 1472 carminum
1582 1432 1756 1487 quinque

265 1516 383 1556 millia
422 1516 664 1571 composuit,
713 1513 762 1555 ad
807 1529 921 1570 quem
959 1513 1196 1555 audiendum
1243 1516 1349 1555 missi
1397 1523 1490 1555 sunt
1531 1521 1755 1556 exterorum

264 1614 401 1656 regum
432 1597 576 1654 legati?
610 1594 649 1650 (1
675 1597 772 1654 ch.
797 1597 904 1646 XIV,
931 1595 985 1639 29
1009 1594 1128 1653 sqq.).
1176 1597 1320 1640 »Amat
1346 1598 1568 1653 justitiam«
1600 1599 1654 1647 is,
1688 1599 1756 1654 qui

264 1684 328 1723 hic
360 1681 598 1731 celebratum
633 1689 669 1721 et
702 1682 789 1737 quis
821 1682 944 1721 nescit
969 1679 1224 1721 Solomonem
1256 1682 1447 1737 sapientia
1477 1681 1591 1737 plane
1625 1679 1757 1721 divina

266 1766 411 1820 injure
435 1764 599 1805 dicendo
628 1763 864 1804 eminuisse?
897 1760 936 1816 (1
962 1763 1060 1819 Reg.
1082 1764 1141 1813 ΙΙΙ,
1166 1760 1252 1817 28).
1296 1763 1414 1817 Quod
1435 1763 1627 1820 significat
1648 1771 1755 1805 vates

266 1857 400 1890 noster
434 1849 615 1905 »Tyrum
648 1845 718 1900 (ita
750 1849 851 1888 enim
883 1847 1120 1888 locutionem
1143 1842 1208 1893 53
1230 1847 1320 1904 Πξ,
1355 1847 1495 1888 »filiam
1519 1847 1666 1902 Tyri,«
1698 1849 1757 1888 in-

269 1932 421 1989 tellig03
463 1931 509 1973 cf.
542 1931 568 1972 2
589 1932 687 1988 Reg.
716 1930 829 1980 XIX,
861 1928 934 1984 21)
968 1945 1054 1971 cum
1087 1929 1202 1971 donis
1235 1939 1486 1980 venturam,«
1518 1929 1558 1971 id
1589 1932 1630 1971 in
1660 1938 1757 1972 tem-

266 2030 366 2073 pora
398 2015 626 2057 Solomonis
660 2016 805 2070 optime
848 2013 1039 2070 quadrare
1080 2022 1294 2070 agnoscent
1335 2028 1489 2064 omnes,
1530 2016 1598 2070 qui
1629 2016 1759 2055 sciunt

268 2108 415 2156 quanta
447 2100 665 2140 commercii
697 2100 862 2139 societas
893 2106 988 2139 tunc
1019 2097 1273 2138 intercederet
1303 2100 1403 2138 inter
1435 2096 1690 2139 Solomonem
1721 2105 1759 2139 et

267 2183 490 2232 Hiramum,
525 2190 563 2222 et
593 2181 729 2223 eodem
760 2180 886 2222 refero
920 2175 1085 2250 ΠἻὩΡΥἼ
1117 2181 1200 2222 illas
1223 2183 1304 2222 sive
1326 2188 1450 2222 vestes
1462 2180 1758 2238 phryqionicas

269 2263 324 2319 (v.
352 2263 437 2319 15),
473 2279 570 2321 quas
602 2264 782 2305 mulieres
817 2264 961 2321 Tyriae
994 2279 1066 2306 acu
1097 2267 1257 2321 pingere
1289 2263 1469 2305 solebant
1499 2261 1605 2317 (vide
1637 2279 1758 2321 supra

270 2349 319 2390 ad
360 2351 552 2390 canticum
593 2346 772 2389 Deborae
805 2363 841 2387 v.
874 2345 968 2400 30).
1028 2347 1181 2401 Quibus
1224 2347 1406 2389 omnibus
1446 2349 1686 2404 argumentis
1724 2350 1757 2388 si

270 2433 476 2489 adjeceris,
518 2431 558 2472 id
599 2431 709 2487 quod
746 2445 865 2486 supra
897 2430 1183 2481 demonstravi,
1227 2432 1303 2472 hoe
1335 2445 1487 2472 carmen
1518 2433 1558 2471 in
1589 2429 1758 2471 secunda

272 2524 400 2572 parte,
440 2517 465 2556 i.
497 2530 528 2556 e.
562 2518 601 2556 in
634 2516 899 2556 vetustissima
931 2513 1175 2564 collectione,
1217 2514 1483 2563 Psalmorum,
1524 2514 1654 2555 locum
1687 2512 1760 2555 ob-

274 2601 412 2648 tinere,
448 2597 656 2647 concedes,
692 2600 852 2654 opinor,
897 2612 970 2638 nos
1003 2605 1090 2638 ante
1123 2597 1259 2638 oculos
1291 2596 1434 2637 habere
1467 2597 1757 2654 epithalamium

272 2682 387 2732 illud,
431 2697 510 2738 qno
543 2680 770 2730 Nathanus,
805 2682 865 2722 vel
896 2681 994 2722 alius
1028 2682 1114 2737 quis
1148 2689 1255 2721 vates
1288 2681 1458 2730 aulicus,
1497 2682 1599 2737 regis
1625 2681 1755 2736 jussu,

273 2767 430 2820 nuptias
453 2764 681 2806 Solomonis
704 2773 742 2806 et
768 2764 868 2805 filiae
889 2764 1120 2813 Pharaonis,
1153 2765 1312 2819 nuptias
1335 2763 1437 2805 unde
1458 2771 1609 2805 tantum
1631 2763 1758 2805 bonae

273 2847 376 2904 frugi
399 2847 472 2888 sibi
494 2848 692 2904 pollicitus
724 2856 783 2889 est
802 2847 1061 2888 Israelitarum
1083 2861 1165 2897 reX‚
1203 2855 1386 2904 tanquam
1408 2855 1557 2904 partem
1579 2848 1756 2888 eximiam

272 2930 510 2973 Jasharanae
542 2930 752 2973 faustitatis
784 2931 983 2987 relligioso
1017 2938 1133 2972 cantu
1156 2929 1422 2973 concelebrare
1444 2929 1755 2987 aggrediebatur.
