1867 3301
805 204 901 250 159

105 345 255 386 divinas
289 344 538 394 exhibentes,
572 345 611 385 in
646 358 690 385 co
726 343 934 393 dissident,
979 342 1088 400 quod
1119 341 1295 384 Emodus
1327 350 1364 382 et
1396 341 1602 383 Leviticae

104 427 152 469 ad
190 429 289 470 ritus
330 430 464 485 potius
501 434 539 468 et
570 429 828 477 ceremonias,
870 427 920 468 ad
958 426 1147 468 formulas
1181 425 1369 483 quasdam
1403 433 1441 466 et
1471 434 1598 474 notas,

104 511 237 568 quales
270 512 475 568 collegium
509 511 758 553 sacerdotum
791 512 1013 567 excogitare
1045 518 1201 567 posset,
1243 511 1395 551 animos
1427 510 1599 550 intentos

103 595 260 645 volunt,
310 595 678 637 Deuteronomium
726 603 854 636 autem
897 595 1036 636 altiora
1076 602 1226 650 spectat
1264 602 1302 635 et
1341 592 1597 641 commendat,

104 678 233 735 qualia
264 693 395 720 veram
435 678 677 735 relligionem
719 693 762 720 ac
799 678 929 719 bonos
969 692 1098 719 mores
1140 685 1422 733 promoveant,
1464 678 1518 717 ita
1554 684 1601 717 ut

102 777 223 818 paene
256 770 518 819 praeoccupet
541 761 830 804 Christianismi
862 764 1074 811 rationem,
1110 776 1209 818 quae
1240 776 1313 802 1105
1346 760 1532 801 admonet
1556 766 1602 800 ut

103 842 392 901 ἀρνησάμενοι
431 843 505 900 τὴν
537 843 739 899 ἀσέβειαν
769 847 840 886 καὶ
881 841 959 893 τας
999 841 1203 899 κοσμικὰς
1241 843 1478 897 ἐπιθυμίας
1518 852 1601 884 σω-

103 929 274 985 φρονῶς
313 932 384 970 καὶ
425 928 599 978 δικαίως
639 932 711 970 καὶ
751 926 933 982 εὐσεβῶς
977 927 1167 984 ζήσωμεν
1201 927 1248 969 ἓν
1279 930 1336 984 τῷ
1371 927 1447 969 νῦν
1478 926 1600 967 αἰῶνι.

104 1009 202 1066 (Tit.
229 1013 279 1062 ΙΙ,
308 1009 398 1065 12),
441 1021 479 1055 ct
511 1027 632 1070 quum
666 1015 833 1054 seriores
866 1012 1005 1054 Judaei
1047 1027 1087 1054 se
1118 1012 1334 1069 privilegiis
1367 1013 1448 1052 51115
1476 1011 1601 1066 jacta-

104 1104 208 1145 rent,
243 1096 596 1138 Deuteronomium
626 1097 733 1137 Illius
767 1096 963 1137 ecclesiam
997 1098 1121 1152 sapit,
1157 1097 1225 1152 qui
1257 1093 1417 1137 ἔδωκεν
1448 1091 1602 1136 ἑαυτὸν

104 1176 209 1233 ὑπὲρ
248 1174 388 1234 ἡμῶν,
438 1184 508 1221 ἵνα
549 1178 810 1235 λυτρώσηται
851 1174 962 1234 ἡμεῖς
1003 1176 1090 1220 ἀπὸ
1131 1178 1269 1234 πάσης
1307 1176 1489 1232 ἀνομίας
1530 1180 1601 1218 καὶ

104 1263 322 1321 καθαρίσῃ
354 1261 489 1318 ἑαυτῷ
521 1259 630 1304 λαὸν
661 1262 906 1319 περιούσιον
938 1258 1126 1317 ζηλωτήν
1156 1262 1301 1304 καλῶν
1333 1260 1468 1317 ἔργων
1500 1259 1598 1315 (Tit.

102 1345 153 1396 Il,
183 1344 265 1399 15).
326 1346 378 1388 Ut
417 1347 570 1388 silentio
612 1355 852 1403 praeteream
894 1348 1079 1387 minutias
1113 1348 1420 1388 ceremoniarum
1454 1354 1601 1387 cetero-

102 1444 268 1486 rumque
308 1431 572 1487 agendorum,
616 1429 760 1487 quibus
801 1438 953 1472 tantum
986 1432 1173 1471 momenti
1206 1429 1433 1471 tribuebant
1462 1429 1602 1471 Phari-

103 1515 180 1555 saei
213 1514 354 1571 aliique
375 1514 537 1555 Levitici
571 1514 762 1563 homines,
797 1528 1022 1570 comparare
1056 1513 1257 1570 oportebit
1290 1511 1543 1568 ξενηλασίας
1565 1521 1602 1554 et

104 1597 317 1653 superbum
359 1600 658 1654 peregrinorum
703 1597 858 1648 odium,
903 1612 981 1654 quo
1020 1600 1256 1639 recentiores
1288 1597 1427 1639 Judaei
1459 1599 1601 1638 emine-

103 1680 218 1730 bant,
260 1696 346 1723 cum
386 1683 605 1738 praeceptis
639 1681 712 1722 illis
745 1681 865 1723 modo
899 1697 979 1723 non
1014 1680 1249 1724 Christianis
1281 1681 1598 1723 Deuteronomii:

104 1773 255 1806 »amate
293 1767 522 1822 peregrinos
564 1767 655 1823 quia
688 1780 760 1806 vos
802 1767 998 1822 peregrini
1031 1764 1160 1806 fuistis
1192 1767 1233 1806 in
1264 1773 1368 1807 terra
1398 1764 1599 1822 Aegypti«

105 1846 178 1901 (X,
207 1845 297 1902 19);
332 1863 432 1905 »ego
466 1851 664 1905 praecipio
700 1848 770 1890 tibi
803 1858 849 1891 ut
881 1851 1032 1906 aperias
1066 1864 1223 1890 manum
1250 1848 1360 1890 fratri
1382 1856 1452 1890 tuo
1477 1863 1599 1905 egeno

105 1939 141 1973 et
171 1934 356 1988 pauperi,
392 1934 459 1989 qui
492 1940 620 1974 tecum
651 1941 833 1974 versatur
864 1934 903 1973 in
936 1941 1065 1974 terra«
1101 1930 1206 1986 (XV,
1235 1929 1327 1985 11);
1373 1947 1481 1973 »11011
1512 1946 1602 1987 per-

104 2023 230 2057 vertes
265 2015 458 2070 judicium
500 2018 696 2072 peregrini
737 2024 774 2057 et
813 2016 971 2072 pupilli,
1015 2030 1085 2056 nec
1118 2015 1268 2057 auferes
1300 2017 1480 2072 pignoris
1513 2015 1600 2056 1000

105 2098 246 2139 viduae
278 2100 553 2140 vestimentum
588 2096 651 2152 (cf.
674 2099 740 2140 Ps.
765 2099 945 2149 LXVIII,
970 2097 1009 2140 5.
1051 2099 1168 2140 Deut.
1192 2099 1250 2149 X,
1280 2097 1372 2152 18);
1413 2098 1482 2140 scd
1522 2113 1601 2139 mc-

104 2183 280 2231 mincris,
324 2182 525 2238 quomodo
567 2184 746 2225 servieris
787 2184 825 2223 in
858 2181 1067 2239 Aegypto,
1111 2190 1148 2223 et
1186 2190 1224 2223 te
1256 2182 1346 2223 inde
1378 2181 1603 2223 liberaverit

104 2264 256 2306 Jehova
277 2265 384 2306 Deus
417 2273 530 2307 tuus:
565 2265 708 2308 idcirco
741 2267 940 2322 praecipio
963 2265 1056 2316 tibi,
1090 2274 1136 2307 ut
1157 2266 1234 2307 hoe
1256 2265 1401 2307 facias«
1436 2262 1599 2319 (XXIV,

109 2346 173 2398 17,
202 2345 285 2402 18).

220 2432 280 2473 ΙΙΙ.
328 2430 414 2473 Jam
446 2447 539 2475 vero
574 2440 815 2474 antestemur
845 2432 1017 2474 Micham
1043 2431 1359 2483 Morasthaeum‚
1396 2434 1463 2489 qui
1495 2431 1599 2474 ultro

103 2513 219 2556 nobis
252 2530 382 2557 aurem
418 2518 598 2573 opponit.
663 2514 715 2558 Ut
747 2531 867 2573 supra
898 2516 1081 2566 vidimus,
1118 2518 1306 2573 cognovit
1337 2517 1369 2557 is
1403 2515 1600 2557 collectio-

105 2612 191 2638 nem
213 2597 488 2650 Jasharanam,
523 2614 640 2657 quam
662 2598 854 2642 verbatim
887 2601 1021 2641 citavit
1048 2596 1112 2652 (cf.
1135 2599 1255 2640 Mich.
1279 2600 1313 2648 I,
1342 2597 1408 2641 10.
1443 2598 1469 2640 2
1493 2598 1598 2640 Sam.

104 2681 138 2730 Ι,
163 2678 250 2734 20).
311 2680 511 2738 Cognovit
542 2683 704 2725 Bileami
737 2684 963 2725 vaticinium
1004 2691 1041 2723 et
1072 2682 1198 2723 Mosis
1232 2683 1423 2723 canticum
1462 2684 1600 2724 trium-

104 2763 239 2819 phale,
282 2778 451 2820 quorum
490 2775 703 2823 utrumque
742 2767 866 2824 liquet
904 2781 953 2807 ex
994 2765 1066 2806 hac
1107 2766 1333 2808 collectione
1372 2774 1598 2822 excerptum

106 2861 188 2887 0550
226 2844 369 2900 (Mich.
394 2848 467 2899 VI,
499 2847 538 2890 5.
579 2849 670 2900 VH,
707 2846 798 2902 18).
864 2848 1065 2906 Cognovit
1105 2848 1245 2890 librum
1287 2848 1598 2897 Deuteronomii,

107 2943 221 2985 quem
254 2932 306 2972 ita
339 2932 450 2981 citat,
483 2940 529 2974 ut
560 2935 627 2988 qui
659 2933 784 2984 hunc,
819 2947 945 2989 neque
978 2933 1101 2974 ullum
1133 2933 1252 2975 alium
1285 2932 1478 2982 codicem,
1512 2947 1601 2988 per-
