1867 3301
860 169 1054 239 Η280

254 318 376 382 ΕἾὝΡτ
406 328 477 370 per
509 328 549 354 se
582 314 759 369 quemvis
799 317 1041 368 grassantem
1080 311 1269 366 impetum
1303 308 1493 366 designat.
1555 307 1748 366 Equidem

255 398 303 439 ad
334 399 507 454 priorem
540 397 771 437 sententiam
804 409 890 435 sum
922 396 1099 450 pronior,
1135 395 1206 434 etsi
1238 395 1318 434 seio
1352 407 1495 434 nomen
1525 395 1667 461 ΕἾἼΕ,
1703 393 1749 434 de

255 483 394 538 quavis
427 482 533 521 venti
567 479 750 520 violentia
782 478 999 535 praedicari
1031 491 1161 534 posse,
1196 478 1277 517 sive
1300 478 1332 517 is
1355 484 1495 517 ventus
1519 474 1567 516 ab
1592 474 1750 517 Oriente

256 567 337 607 sive
370 563 525 605 aliunde
560 562 779 604 descendat.
833 560 1014 617 Exempli
1046 562 1184 617 gratia,
1218 562 1257 601 in
1289 568 1430 616 quarto
1465 559 1613 601 decimo
1647 561 1751 616 capi-

254 649 339 690 tulo
381 646 514 688 Exodi
553 643 607 699 (V.
632 643 704 699 21)
748 646 911 702 legimus
950 643 1143 685 Jehovam
1187 658 1257 700 per
1296 651 1420 684 totam
1458 651 1613 686 noctem
1650 642 1752 700 Ery-

254 732 435 773 thraeum
467 745 571 771 mare
602 731 834 786 repressisse
867 732 991 796 ΕἾἾΙὫΤ
1021 729 1169 797 Γ-ἹἾἾᾎ,
1211 726 1299 777 uhi,
1339 736 1385 768 ut
1416 741 1536 783 supra
1568 725 1750 777 vidimus,

256 824 397 857 ventus
432 813 640 856 Orientalis
674 812 835 869 intelligi
867 827 948 853 non
979 820 1122 868 potest,
1158 813 1302 868 quippe
1336 812 1404 867 qui
1437 825 1558 868 aquas
1580 813 1620 851 in
1641 811 1751 852 littus

258 899 489 956 impulisset,
523 899 677 938 minime
710 911 802 938 vero
837 895 885 936 ab
919 910 964 936 eo
1000 894 1225 951 depulisset.
1273 893 1339 935 Ad
1361 894 1550 950 pluralem
1572 897 1752 962 ΠἿῚῼΉΡ

259 983 306 1024 de
346 991 464 1023 vento
504 980 772 1038 praedicatum
813 978 923 1036 quod
962 980 1121 1027 attinet,
1163 992 1386 1034 comparare
1427 992 1641 1034 possumus
1672 957 1751 1020 Jes'.

257 1066 388 1116 XXV,
412 1065 460 1107 4:
501 1069 676 1131 ΕὛΞᾨᾜΤῙ
709 1066 812 1121 Um,
835 1061 970 1121 flatus
990 1063 1268 1104 violentorum.
1315 1061 1366 1103 Et
1390 1063 1422 1102 si
1444 1061 1606 1118 pluralis
1629 1076 1753 1119 appo-

259 1153 347 1191 sitio
397 1152 580 1217 Dvffiffp
630 1163 651 1188 a
691 1146 895 1203 cujusdam
936 1149 1042 1187 venti
1090 1149 1237 1203 impetu
1277 1145 1326 1187 ad
1364 1144 1577 1202 quamlibet
1615 1153 1754 1187 vento-

258 1250 347 1276 rum
392 1212 618 1273 violentiam
664 1230 955 1287 exprimendam
1002 1230 1204 1272 transferri
1228 1232 1401 1289 potuit,
1451 1229 1547 1287 quid
1592 1228 1756 1286 impedit

260 1319 472 1375 quominus
514 1316 563 1357 ad
603 1315 744 1357 effusas
783 1317 970 1356 torrentis
1011 1314 1137 1356 undas
1178 1292 1450 1356 describendas
1490 1311 1756 1355 adhibeatur?

259 1402 386 1458 Ergo,
430 1403 511 1443 sive
543 1414 709 1456 repones
742 1403 911 1468 ΕἾᾩἼῙΞ
937 1414 957 1439 a
990 1399 1178 1456 singulari
1209 1402 1352 1467 ΕἾἾΡτ,
1395 1412 1465 1438 seu
1503 1399 1544 1438 in
1575 1400 1754 1466 ΕἾᾨἎἾῈ

262 1487 523 1543 acquieveris,
565 1486 757 1526 sententia
796 1485 971 1539 poetriae
1012 1482 1147 1524 eodem
1187 1481 1348 1524 redibit:
1391 1497 1529 1539 nempe
1573 1481 1756 1539 depinget

261 1570 374 1612 fluvii
407 1570 646 1626 erumpentis
680 1567 926 1609 violentiam:
960 1581 1081 1623 quum

694 1699 699 1706 .
719 1698 726 1706 .
746 1699 753 1706 .
776 1677 918 1707 torrens
939 1669 1047 1706 undis
1068 1669 1290 1719 pluvialibus
1313 1676 1452 1714 auctus,

549 1744 626 1780 Aut
647 1744 731 1779 nive
754 1754 845 1791 quae
869 1742 1030 1791 zephyro
1053 1743 1150 1778 vieta
1170 1748 1319 1791 repente
1340 1741 1432 1787 fluit,

477 1816 545 1853 Per
568 1822 655 1860 sata,
677 1826 815 1864 perque
836 1815 914 1849 vias
936 1813 1062 1860 fertur,
1084 1826 1163 1859 nec,
1184 1821 1226 1850 ut
1248 1820 1330 1850 ante
1354 1812 1505 1858 solebat,

548 1888 725 1936 Riparum
749 1886 889 1924 clausas
910 1888 1074 1935 margine
1096 1886 1177 1923 finit
1198 1897 1320 1935 aquaS.

262 1988 398 2047 Neque
438 1986 713 2044 negligendum
753 1994 830 2036 est,
873 1985 982 2043 quod
1013 1985 1213 2043 Josephus
1255 1984 1301 2026 de
1335 1991 1451 2025 vento
1492 1985 1532 2024 in
1570 1982 1757 2025 adversos

265 2072 546 2117 Cananitarum
567 2071 700 2112 vultus
732 2070 908 2126 pluviam
941 2079 1077 2127 agente
1109 2072 1149 2111 in
1179 2070 1266 2111 loeo
1300 2082 1422 2125 supra
1443 2069 1560 2109 citato
1582 2066 1756 2109 tradidit.

262 2158 321 2199 Ita
344 2156 496 2211 Quisho
520 2155 580 2196 vel
604 2163 776 2196 »torrens
801 2154 1057 2196 adversorum
1080 2153 1332 2203 ventorum‚“
1354 2152 1416 2193 vel
1439 2160 1610 2193 »torrens
1633 2151 1759 2193 hosti-

264 2243 351 2283 liter
383 2240 736 2281 amevertentium«
773 2235 878 2290 (vide
899 2238 964 2279 Ps.
991 2237 1137 2288 XVIII,
1165 2234 1234 2290 19)
1269 2235 1541 2294 appellabitur,
1576 2244 1624 2285 et,
1659 2249 1758 2292 quo-

267 2325 544 2379 modocunque
577 2330 840 2377 nuncupatus,
876 2320 1022 2362 scrrcos
1046 2321 1176 2362 Sisrae
1210 2335 1347 2362 currus
1379 2322 1433 2361 ita
1456 2318 1681 2369 retardavit,
1714 2327 1761 2360 ut

267 2409 352 2450 dux
383 2410 467 2464 ipse
489 2406 669 2447 vehiculo
706 2403 936 2446 descendere
970 2413 1007 2446 et
1027 2404 1194 2461 pedibus
1217 2403 1351 2461 fugere
1374 2412 1530 2445 coaetus
1554 2405 1616 2444 sit.
1656 2401 1760 2443 Ean-

269 2492 354 2533 dem
386 2490 541 2532 hostilis
571 2490 750 2543 injuriae
772 2503 859 2530 cum
882 2487 1162 2544 prohibitione
1185 2488 1414 2543 conjunctae
1436 2486 1758 2543 significationem

268 2578 309 2618 in
342 2573 490 2616 Graeco
531 2572 706 2627 βλάπτω
748 2574 958 2622 contineri,
999 2571 1090 2612 alibi
1128 2571 1392 2611 demonstravi
1426 2566 1542 2623 (New
1575 2568 1759 2626 Cratylus

271 2655 433 2712 §454).
483 2656 582 2706 Sed,
616 2665 662 2697 ut
691 2656 845 2697 redeam
878 2656 927 2698 ad
958 2670 1114 2697 versum
1145 2654 1413 2704 undecimum,
1447 2655 1501 2694 ita
1530 2655 1659 2710 pergit
1682 2652 1760 2695 De-

270 2741 388 2783 bora:
429 2755 577 2797 »quum
608 2742 773 2781 victoria
804 2742 904 2781 inter
935 2738 1210 2781 inundationes
1242 2746 1355 2794 parta
1387 2746 1508 2787 esset,
1541 2736 1596 2778 ibi
1626 2736 1761 2778 lauda-

270 2824 386 2874 bant,
423 2821 539 2882 (UT-W*
567 2822 663 2892 ΠΨ,
697 2833 872 2881 tempore
895 2819 1100 2875 continuo)
1125 2821 1434 2863 »vindicationes
1456 2820 1642 2870 Jehovae,
1675 2821 1760 2861 vin-

275 2908 487 2950 dicationes
524 2923 717 2965 pagorum
749 2909 833 2963 ejus
866 2909 906 2948 in
936 2907 1073 2957 Israel;
1112 2915 1252 2962 postea
1283 2903 1508 2947 descendit«
1541 2900 1665 2971 (ἹἻἻὛτ
1690 2907 1758 2969 32⁴5,
