1867 3301
109 332 287 374 habitum
326 337 667 374 transmutaretur.
726 329 908 372 Declarat
946 331 1068 386 igitur
1098 336 1218 386 poeta
1257 335 1393 371 noster
1424 329 1603 371 mulieres

107 416 348 466 Israeliticas‚
383 416 497 457 etiam
531 428 594 455 eas
627 428 726 471 quae
758 415 814 455 rei
848 413 1055 454 culinariae
1089 427 1247 469 operam
1281 412 1430 462 darent,
1466 413 1603 469 spoliis

108 499 283 541 hostium
317 499 475 540 indutas
509 513 606 540 auro
640 507 678 539 et
709 497 876 539 candore
911 499 1080 537 evasisse
1112 498 1280 537 nitentes
1313 498 1436 537 instar
1467 511 1605 553 argen-

110 590 192 624 teae
224 591 262 623 et
293 596 430 624 aureae
454 581 669 631 columbae,
702 582 763 622 vel
787 589 999 637 perpetuae
1022 582 1137 630 nivis,
1173 595 1250 637 qua
1274 579 1462 621 Tsalmon
1486 588 1606 621 staret

109 665 311 707 candidus.
362 664 481 718 Quod
513 667 544 706 si
578 667 665 722 quis
698 665 798 706 hanc
820 666 929 705 vocis
962 668 1134 733 ΒἮΞΨ
1167 665 1529 721 interpretationem
1555 662 1605 704 ad

110 748 175 797 δὶς
213 744 444 802 λεγόμενον
475 748 572 789 illud
611 745 823 811 ΠἾΌΞΨὨ
857 748 1226 789 accommodandam
1261 756 1408 796 censet,
1447 747 1508 789 vel
1537 762 1603 789 oe-

99 832 354 889 payulorum
374 833 419 874 in
439 832 607 874 stabulis
628 811 965 890 significationem,
987 846 1102 887 quam
1122 832 1292 888 longiori
1315 830 1462 872 formae
1482 830 1603 872 uihui

110 913 225 969 (Gen.
248 916 390 966 XLIX,
418 915 484 958 14.
517 916 609 957 Jud.
632 916 682 966 V
711 913 794 968 16),
829 915 891 956 hic
924 929 1084 971 quoque
1117 914 1302 956 adhibeie
1334 915 1438 964 vult,
1480 916 1605 971 primi

108 1001 251 1040 rationi
284 1008 480 1057 repugnat
511 1008 734 1049 contextus,
770 998 866 1040 Gen.
888 998 1037 1049 XLIX,
1072 997 1145 1049 143
1178 1013 1304 1056 neque
1337 1000 1436 1039 enim
1470 999 1604 1039 asinus

108 1084 210 1124 inter
242 1083 510 1140 chytropodes
542 1082 755 1133 recumbit3
789 1083 899 1124 alteri
931 1091 1060 1124 autem
1093 1082 1356 1138 objiciendum
1390 1090 1460 1133 est,
1495 1081 1605 1139 quod

109 1166 172 1208 hie
203 1166 249 1208 de
283 1166 493 1208 domisedis
527 1170 716 1209 matronis
750 1164 862 1228 (ΠἾᾎ
896 1170 978 1226 DJ]
1010 1182 1048 1208 V.
1075 1164 1145 1220 14)
1179 1181 1305 1208 sermo
1340 1174 1410 1215 est,
1444 1181 1525 1208 non
1557 1165 1605 1206 de

109 1252 168 1300 iis,
203 1265 302 1308 quae
333 1253 373 1292 in
406 1266 446 1293 re
479 1253 624 1293 rustica
657 1251 831 1293 studium
864 1230 980 1308 atque
1015 1265 1171 1308 operam
1206 1250 1464 1291 collocabant.

226 1333 268 1376 In
290 1350 328 1376 V.
349 1334 400 1376 18
425 1335 691 1377 difficultatem
713 1337 817 1391 parit
838 1349 920 1375 vox
943 1333 1062 1385 ἅπαξ
1084 1332 1288 1388 λεγομένη
1311 1330 1452 1401 ἷξξξΨ,
1487 1347 1605 1390 quam

108 1420 343 1460 recentiores
367 1421 505 1469 critici,
529 1419 816 1460 Aben-Esram
839 1420 981 1468 secuti,
1017 1418 1066 1459 ad
1086 1418 1254 1459 radicem
1278 1397 1399 1485 ΠέΨ,
1428 1418 1603 1470 iteravit,

107 1501 337 1553 referentes,
380 1503 616 1544 locutionem
659 1500 784 1573 ζξζΞΨ
824 1485 947 1572 ³3¹7:ss
984 1501 1157 1543 reddunt
1195 1502 1326 1543 millia
1363 1502 1603 1555 iterationis,

108 1587 133 1627 i.
157 1601 189 1627 e.
213 1586 331 1627 millia
363 1587 562 1629 multoties
594 1589 744 1628 iterata.
791 1586 870 1627 Alii
902 1601 1046 1627 nomen
1079 1585 1279 1626 deducunt
1302 1601 1321 1626 a
1346 1582 1446 1652 ῘξΨ,
1482 1586 1604 1638 acuit,

109 1679 394 1727 exponuntque
437 1667 564 1727 (quod
595 1672 664 1711 vix
704 1667 960 1722 crediderisl)
1003 1668 1050 1711 de
1089 1668 1270 1710 curribus
1308 1668 1477 1710 falcatis!
1523 1668 1606 1710 Alii

108 1755 304 1811 accipiunt
324 1769 458 1795 vocem
492 1769 565 1811 pro
599 1751 727 1823 ῘΞξζΨ
761 1769 782 1794 a
813 1751 929 1820 ἷξζΨ,
962 1752 1208 1809 tranquillus
1229 1751 1329 1808 fuit,
1363 1752 1605 1808 intelligunt-

110 1851 185 1893 que
224 1837 420 1893 Angelos,
467 1839 580 1893 quasi
619 1839 651 1878 si
691 1837 904 1894 tranquilli
943 1844 1037 1878 sunt
1077 1844 1115 1876 et
1154 1836 1272 1877 beati.
1333 1835 1434 1876 Hinc
1473 1837 1602 1878 versio

109 1921 492 1978 septuagintaviralis
517 1920 636 1962 habet
657 1919 846 1973 χιλιάδες
867 1917 1186 1975 εὐθηνούντων,
1219 1927 1256 1960 et
1278 1919 1461 1975 vulgatus
1484 1921 1605 1961 inter-

108 2019 199 2062 pres
232 2005 376 2046 »millia
407 2004 673 2046 laetantium«.
738 2003 840 2054 Sed,
874 2013 920 2045 ut
945 2003 1039 2044 mihi
1073 2002 1229 2059 quidem
1262 2002 1438 2053 videtur,
1472 2018 1605 2044 veram

109 2087 313 2130 lectionem
355 2097 443 2130 ante
483 2088 620 2130 oculos
660 2087 800 2130 habuit
832 2087 1113 2145 Symmachus,
1157 2088 1225 2143 qui
1263 2100 1384 2143 quum
1416 2086 1605 2138 χιλιάδες

109 2166 329 2229 ἤχούντων
359 2173 524 2229 prodat,
557 2174 597 2214 in
628 2180 742 2214 textu
774 2174 924 2214 invenit
955 2167 1087 2240 ΠΝΨ,
1120 2172 1323 2228 strepitus,
1358 2170 1467 2227 quod
1488 2185 1605 2228 repo-

110 2255 279 2298 nendum
322 2271 475 2299 censeo.
537 2256 597 2298 Ac
644 2259 766 2298 miror
806 2256 985 2313 equidem
1027 2255 1351 2312 simplicissimam
1390 2254 1491 2296 hanc
1529 2255 1606 2296 loci

110 2339 295 2382 medelam
327 2342 471 2381 nemini
494 2355 534 2381 se
555 2342 813 2398 interpretum
836 2339 1139 2382 commendasse.
1186 2339 1284 2381 Nam
1309 2354 1430 2395 quum
1452 2338 1606 2380 Jehova

111 2423 172 2465 hic
210 2424 419 2466 inducatur
458 2425 584 2481 qualis
625 2427 666 2467 in
698 2424 793 2468 Sina
833 2440 873 2466 se
912 2422 1205 2473 manifestabat,
1248 2423 1392 2464 seilicet
1429 2421 1604 2463 nubibus

110 2516 245 2550 vectus
291 2517 329 2550 et
374 2508 567 2551 terribiles
613 2509 731 2551 edens
780 2509 953 2550 fulminis
1001 2510 1063 2549 sui
1106 2509 1293 2563 strepitus
1335 2502 1448 2559 (vide
1486 2505 1604 2548 Deut.

110 2590 298 2642 XXXIII,
323 2592 370 2643 2,
402 2593 468 2634 Ps.
491 2593 638 2643 XVIII,
667 2590 870 2646 11-14),
905 2591 1002 2649 quid
1033 2593 1163 2648 aptius
1196 2590 1270 2632 diei
1302 2597 1460 2647 poterat
1488 2604 1606 2646 quam

112 2670 159 2715 τὸ
201 2673 318 2729 ἅρμα
356 2679 431 2718 τοῦ
462 2677 574 2719 θεοῦ
603 2676 934 2731 μυριοπλάσιον,
975 2673 1165 2728 χιλιάδες
1195 2671 1416 2729 ἧχούντων
1446 2673 1516 2724 (ad
1547 2673 1604 2714 lit.

112 2753 279 2813 ἧχοῦς)·
311 2758 454 2814 κύριος
475 2759 522 2801 ἒν
554 2755 701 2810 αὕτοῒς
733 2760 857 2810 ἐστίν,
892 2756 979 2807 οἶός
1011 2774 1113 2801 ποτε
1145 2757 1192 2800 ἓν
1213 2758 1321 2810 Em}
1352 2756 1399 2800 ἓν
1422 2756 1479 2814 τῷ
1501 2753 1606 2811 ἁγίῳ

112 2837 283 2897 ἕφοὶνηῖ)
317 2839 382 2895 (cs.
407 2842 523 2885 Deut.
546 2843 734 2895 XXXIII,
760 2842 817 2898 2).
870 2843 1047 2886 Verbum
1079 2840 1198 2898 ἠχεῖν
1230 2842 1280 2884 ad
1310 2843 1486 2883 tonitrua
1518 2854 1608 2896 spe·

113 2932 215 2967 ctare
246 2940 384 2982 posse,
418 2928 513 2969 satis
548 2928 721 2970 ostendit
751 2926 954 2984 Euripidis
987 2927 1097 2969 locus
1131 2923 1310 2984 (Hippol.
1338 2921 1486 2978 1200:

1251 3005 1323 3042 22*
